日期,时间,成交价,成交量,总量,属性(持仓增减),B1价,B1量,B2价,B2量,B3价,B3量,S1价,S1量,S2价,S2量,S3价,S3量,BS
2015-08-17,20:59:00,2055.0,6880,6880,2437612,2055.0,338,0,0,0,0,2056.0,67,0,0,0,0,B
2015-08-17,21:00:00,2056.0,1794,8674,442,2054.0,1403,0,0,0,0,2055.0,4,0,0,0,0,B
2015-08-17,21:00:01,2054.0,1678,10352,-674,2054.0,888,0,0,0,0,2055.0,3,0,0,0,0,S
2015-08-17,21:00:01,2057.0,1308,11660,-636,2055.0,2,0,0,0,0,2057.0,349,0,0,0,0,B
2015-08-17,21:00:02,2056.0,692,12352,166,2055.0,179,0,0,0,0,2056.0,173,0,0,0,0,S
2015-08-17,21:00:02,2056.0,328,12680,72,2055.0,230,0,0,0,0,2056.0,160,0,0,0,0,S
2015-08-17,21:00:03,2056.0,872,13552,634,2055.0,370,0,0,0,0,2056.0,143,0,0,0,0,S
2015-08-17,21:00:03,2055.0,168,13720,54,2055.0,380,0,0,0,0,2056.0,92,0,0,0,0,S
2015-08-17,21:00:04,2056.0,250,13970,-134,2056.0,363,0,0,0,0,2057.0,355,0,0,0,0,B
2015-08-17,21:00:04,2057.0,36,14006,24,2056.0,373,0,0,0,0,2057.0,364,0,0,0,0,B
2015-08-17,21:00:05,2056.0,284,14290,186,2056.0,299,0,0,0,0,2057.0,320,0,0,0,0,S
2015-08-17,21:00:05,2056.0,60,14350,16,2056.0,291,0,0,0,0,2057.0,320,0,0,0,0,S
2015-08-17,21:00:06,2056.0,304,14654,-18,2056.0,292,0,0,0,0,2057.0,177,0,0,0,0,S
2015-08-17,21:00:06,2056.0,182,14836,98,2056.0,272,0,0,0,0,2057.0,117,0,0,0,0,S
2015-08-17,21:00:07,2057.0,326,15162,-126,2057.0,351,0,0,0,0,2058.0,308,0,0,0,0,B
2015-08-17,21:00:07,2057.0,174,15336,128,2057.0,407,0,0,0,0,2058.0,288,0,0,0,0,B
2015-08-17,21:00:08,2057.0,332,15668,278,2057.0,332,0,0,0,0,2058.0,233,0,0,0,0,B
2015-08-17,21:00:08,2058.0,184,15852,168,2057.0,300,0,0,0,0,2058.0,256,0,0,0,0,B
2015-08-17,21:00:09,2058.0,72,15924,62,2057.0,272,0,0,0,0,2058.0,297,0,0,0,0,B
2015-08-17,21:00:09,2058.0,184,16108,12,2057.0,271,0,0,0,0,2058.0,266,0,0,0,0,B
2015-08-17,21:00:10,2058.0,186,16294,2,2057.0,272,0,0,0,0,2058.0,245,0,0,0,0,B
2015-08-17,21:00:10,2058.0,142,16436,54,2057.0,234,0,0,0,0,2058.0,325,0,0,0,0,B
2015-08-17,21:00:11,2057.0,514,16950,190,2056.0,472,0,0,0,0,2057.0,561,0,0,0,0,S
2015-08-17,21:00:11,2056.0,100,17050,4,2056.0,388,0,0,0,0,2057.0,789,0,0,0,0,S
2015-08-17,21:00:12,2057.0,136,17186,-22,2056.0,379,0,0,0,0,2057.0,751,0,0,0,0,B
2015-08-17,21:00:12,2056.0,574,17760,36,2056.0,133,0,0,0,0,2057.0,723,0,0,0,0,S
2015-08-17,21:00:13,2056.0,358,18118,106,2055.0,1458,0,0,0,0,2056.0,389,0,0,0,0,S
2015-08-17,21:00:13,2055.0,544,18662,56,2055.0,1278,0,0,0,0,2056.0,121,0,0,0,0,S
2015-08-17,21:00:14,2056.0,52,18714,26,2055.0,1273,0,0,0,0,2056.0,604,0,0,0,0,B
2015-08-17,21:00:14,2055.0,226,18940,200,2055.0,1256,0,0,0,0,2056.0,514,0,0,0,0,S
2015-08-17,21:00:15,2056.0,40,18980,14,2055.0,1254,0,0,0,0,2056.0,504,0,0,0,0,B
2015-08-17,21:00:15,2056.0,94,19074,42,2055.0,1259,0,0,0,0,2056.0,460,0,0,0,0,B
2015-08-17,21:00:16,2056.0,58,19132,28,2055.0,1255,0,0,0,0,2056.0,439,0,0,0,0,B
2015-08-17,21:00:16,2055.0,160,19292,38,2055.0,1192,0,0,0,0,2056.0,437,0,0,0,0,S
2015-08-17,21:00:17,2056.0,76,19368,72,2055.0,1213,0,0,0,0,2056.0,438,0,0,0,0,B
2015-08-17,21:00:17,2055.0,278,19646,232,2055.0,1170,0,0,0,0,2056.0,359,0,0,0,0,S
2015-08-17,21:00:18,2056.0,64,19710,46,2055.0,1186,0,0,0,0,2056.0,333,0,0,0,0,B
2015-08-17,21:00:18,2056.0,60,19770,38,2055.0,1193,0,0,0,0,2056.0,305,0,0,0,0,B
2015-08-17,21:00:19,2056.0,496,20266,28,2055.0,1217,0,0,0,0,2056.0,65,0,0,0,0,B
2015-08-17,21:00:19,2057.0,136,20402,-28,2056.0,451,0,0,0,0,2057.0,777,0,0,0,0,B
2015-08-17,21:00:20,2057.0,172,20574,-122,2056.0,760,0,0,0,0,2057.0,724,0,0,0,0,B
2015-08-17,21:00:20,2057.0,82,20656,-40,2056.0,821,0,0,0,0,2057.0,714,0,0,0,0,B
2015-08-17,21:00:21,2057.0,2,20658,-2,2056.0,880,0,0,0,0,2057.0,713,0,0,0,0,B
2015-08-17,21:00:21,2057.0,36,20694,-10,2056.0,885,0,0,0,0,2057.0,706,0,0,0,0,B
2015-08-17,21:00:22,2056.0,66,20760,-14,2056.0,886,0,0,0,0,2057.0,688,0,0,0,0,S
2015-08-17,21:00:22,2057.0,54,20814,-2,2056.0,919,0,0,0,0,2057.0,681,0,0,0,0,B
2015-08-17,21:00:23,2057.0,34,20848,-2,2056.0,909,0,0,0,0,2057.0,687,0,0,0,0,B
2015-08-17,21:00:23,2057.0,52,20900,-24,2056.0,925,0,0,0,0,2057.0,662,0,0,0,0,B
2015-08-17,21:00:24,2057.0,1004,21904,24,2056.0,929,0,0,0,0,2057.0,162,0,0,0,0,B
2015-08-17,21:00:24,2057.0,20,21924,-16,2056.0,1044,0,0,0,0,2057.0,169,0,0,0,0,B
2015-08-17,21:00:25,2056.0,640,22564,-470,2056.0,848,0,0,0,0,2057.0,98,0,0,0,0,S
2015-08-17,21:00:25,2057.0,240,22804,170,2057.0,380,0,0,0,0,2058.0,455,0,0,0,0,B
2015-08-17,21:00:26,2057.0,492,23296,14,2057.0,169,0,0,0,0,2058.0,422,0,0,0,0,B
2015-08-17,21:00:26,2058.0,4,23300,0,2057.0,188,0,0,0,0,2058.0,462,0,0,0,0,B
2015-08-17,21:00:27,2057.0,6,23306,0,2057.0,193,0,0,0,0,2058.0,462,0,0,0,0,S
2015-08-17,21:00:27,2057.0,30,23336,8,2057.0,217,0,0,0,0,2058.0,452,0,0,0,0,S
2015-08-17,21:00:28,2057.0,42,23378,28,2057.0,209,0,0,0,0,2058.0,461,0,0,0,0,S
2015-08-17,21:00:28,2057.0,52,23430,18,2057.0,285,0,0,0,0,2058.0,453,0,0,0,0,S
2015-08-17,21:00:29,2057.0,100,23530,0,2057.0,276,0,0,0,0,2058.0,416,0,0,0,0,S
2015-08-17,21:00:29,2058.0,202,23732,-92,2057.0,289,0,0,0,0,2058.0,306,0,0,0,0,B
2015-08-17,21:00:30,2058.0,190,23922,52,2057.0,440,0,0,0,0,2058.0,171,0,0,0,0,B
2015-08-17,21:00:30,2058.0,50,23972,46,2057.0,474,0,0,0,0,2058.0,194,0,0,0,0,B
2015-08-17,21:00:31,2058.0,128,24100,116,2057.0,476,0,0,0,0,2058.0,213,0,0,0,0,B
2015-08-17,21:00:31,2058.0,56,24156,44,2057.0,482,0,0,0,0,2058.0,260,0,0,0,0,B
2015-08-17,21:00:32,2058.0,56,24212,22,2057.0,484,0,0,0,0,2058.0,542,0,0,0,0,B
2015-08-17,21:00:32,2058.0,28,24240,12,2057.0,480,0,0,0,0,2058.0,541,0,0,0,0,B
2015-08-17,21:00:33,2057.0,162,24402,100,2057.0,471,0,0,0,0,2058.0,493,0,0,0,0,S
2015-08-17,21:00:33,2058.0,498,24900,-30,2057.0,305,0,0,0,0,2058.0,435,0,0,0,0,B
2015-08-17,21:00:34,2058.0,152,25052,52,2057.0,198,0,0,0,0,2058.0,405,0,0,0,0,B
2015-08-17,21:00:34,2058.0,102,25154,64,2057.0,171,0,0,0,0,2058.0,399,0,0,0,0,B
2015-08-17,21:00:35,2057.0,116,25270,-46,2057.0,586,0,0,0,0,2058.0,381,0,0,0,0,S
2015-08-17,21:00:35,2058.0,1050,26320,962,2057.0,130,0,0,0,0,2058.0,361,0,0,0,0,B
2015-08-17,21:00:36,2057.0,278,26598,-50,2056.0,1212,0,0,0,0,2057.0,469,0,0,0,0,S
2015-08-17,21:00:36,2057.0,70,26668,-10,2056.0,1286,0,0,0,0,2057.0,446,0,0,0,0,S
2015-08-17,21:00:37,2057.0,42,26710,-18,2056.0,1231,0,0,0,0,2057.0,432,0,0,0,0,S
2015-08-17,21:00:37,2057.0,1006,27716,-898,2057.0,578,0,0,0,0,2058.0,534,0,0,0,0,S
2015-08-17,21:00:38,2057.0,4,27720,0,2057.0,653,0,0,0,0,2058.0,407,0,0,0,0,S
2015-08-17,21:00:38,2057.0,42,27762,10,2057.0,680,0,0,0,0,2058.0,399,0,0,0,0,S
2015-08-17,21:00:39,2058.0,2,27764,0,2057.0,710,0,0,0,0,2058.0,401,0,0,0,0,B
2015-08-17,21:00:39,2057.0,428,28192,412,2057.0,538,0,0,0,0,2058.0,401,0,0,0,0,S
2015-08-17,21:00:40,2058.0,6,28198,0,2057.0,553,0,0,0,0,2058.0,433,0,0,0,0,B
2015-08-17,21:00:40,2058.0,66,28264,26,2057.0,556,0,0,0,0,2058.0,418,0,0,0,0,B
2015-08-17,21:00:41,2057.0,76,28340,72,2057.0,522,0,0,0,0,2058.0,419,0,0,0,0,S
2015-08-17,21:00:41,2057.0,60,28400,60,2057.0,505,0,0,0,0,2058.0,420,0,0,0,0,S
2015-08-17,21:00:42,2057.0,30,28430,-2,2057.0,539,0,0,0,0,2058.0,415,0,0,0,0,S
2015-08-17,21:00:42,2057.0,14,28444,-8,2057.0,570,0,0,0,0,2058.0,410,0,0,0,0,S
2015-08-17,21:00:43,2058.0,38,28482,-20,2057.0,559,0,0,0,0,2058.0,406,0,0,0,0,B
2015-08-17,21:00:43,2058.0,92,28574,-84,2057.0,618,0,0,0,0,2058.0,376,0,0,0,0,B
2015-08-17,21:00:44,2058.0,234,28808,0,2057.0,620,0,0,0,0,2058.0,263,0,0,0,0,B
2015-08-17,21:00:44,2058.0,530,29338,234,2058.0,795,0,0,0,0,2059.0,753,0,0,0,0,B
2015-08-17,21:00:45,2058.0,606,29944,8,2058.0,519,0,0,0,0,2059.0,662,0,0,0,0,B
2015-08-17,21:00:45,2059.0,60,30004,0,2058.0,498,0,0,0,0,2059.0,687,0,0,0,0,B
2015-08-17,21:00:46,2059.0,4,30008,0,2058.0,499,0,0,0,0,2059.0,690,0,0,0,0,B
2015-08-17,21:00:46,2059.0,60,30068,4,2058.0,538,0,0,0,0,2059.0,668,0,0,0,0,B
2015-08-17,21:00:47,2059.0,40,30108,28,2058.0,602,0,0,0,0,2059.0,651,0,0,0,0,B
2015-08-17,21:00:47,2059.0,6,30114,2,2058.0,607,0,0,0,0,2059.0,648,0,0,0,0,B
2015-08-17,21:00:48,2059.0,92,30206,-42,2058.0,611,0,0,0,0,2059.0,616,0,0,0,0,B
2015-08-17,21:00:48,2059.0,2,30208,0,2058.0,633,0,0,0,0,2059.0,605,0,0,0,0,B
2015-08-17,21:00:49,2059.0,16,30224,-4,2058.0,643,0,0,0,0,2059.0,599,0,0,0,0,B
2015-08-17,21:00:49,2059.0,4,30228,2,2058.0,651,0,0,0,0,2059.0,573,0,0,0,0,B
2015-08-17,21:00:50,2058.0,22,30250,20,2058.0,650,0,0,0,0,2059.0,573,0,0,0,0,S
2015-08-17,21:00:50,2059.0,370,30620,-78,2058.0,654,0,0,0,0,2059.0,390,0,0,0,0,B
2015-08-17,21:00:51,2058.0,186,30806,184,2058.0,613,0,0,0,0,2059.0,392,0,0,0,0,S
2015-08-17,21:00:51,2059.0,140,30946,38,2058.0,624,0,0,0,0,2059.0,335,0,0,0,0,B
2015-08-17,21:00:52,2059.0,66,31012,-8,2058.0,647,0,0,0,0,2059.0,493,0,0,0,0,B
2015-08-17,21:00:52,2059.0,24,31036,-2,2058.0,748,0,0,0,0,2059.0,487,0,0,0,0,B
2015-08-17,21:00:53,2059.0,228,31264,-160,2058.0,801,0,0,0,0,2059.0,498,0,0,0,0,B
2015-08-17,21:00:53,2059.0,76,31340,-8,2058.0,813,0,0,0,0,2059.0,488,0,0,0,0,B
2015-08-17,21:00:54,2058.0,18,31358,-2,2058.0,817,0,0,0,0,2059.0,499,0,0,0,0,S
2015-08-17,21:00:54,2059.0,680,32038,206,2058.0,816,0,0,0,0,2059.0,179,0,0,0,0,B
2015-08-17,21:00:55,2059.0,168,32206,-138,2058.0,863,0,0,0,0,2059.0,104,0,0,0,0,B
2015-08-17,21:00:55,2059.0,98,32304,-62,2058.0,872,0,0,0,0,2059.0,56,0,0,0,0,B
2015-08-17,21:00:56,2059.0,110,32414,0,2058.0,888,0,0,0,0,2059.0,73,0,0,0,0,B
2015-08-17,21:00:56,2059.0,1308,33722,-600,2059.0,154,0,0,0,0,2060.0,2437,0,0,0,0,B
2015-08-17,21:00:57,2059.0,84,33806,-32,2059.0,129,0,0,0,0,2060.0,2519,0,0,0,0,B
2015-08-17,21:00:57,2060.0,100,33906,-14,2059.0,94,0,0,0,0,2060.0,2507,0,0,0,0,B
2015-08-17,21:00:58,2059.0,228,34134,-62,2059.0,86,0,0,0,0,2060.0,2431,0,0,0,0,S
2015-08-17,21:00:58,2060.0,132,34266,-8,2059.0,201,0,0,0,0,2060.0,2373,0,0,0,0,B
2015-08-17,21:00:59,2060.0,64,34330,-28,2059.0,187,0,0,0,0,2060.0,2342,0,0,0,0,B
2015-08-17,21:00:59,2060.0,1804,36134,560,2060.0,1417,0,0,0,0,2061.0,797,0,0,0,0,B
2015-08-17,21:01:00,2061.0,416,36550,-28,2060.0,1497,0,0,0,0,2061.0,607,0,0,0,0,B
2015-08-17,21:01:00,2061.0,200,36750,64,2060.0,1557,0,0,0,0,2061.0,559,0,0,0,0,B
2015-08-17,21:01:01,2061.0,274,37024,182,2060.0,1680,0,0,0,0,2061.0,429,0,0,0,0,B
2015-08-17,21:01:01,2061.0,36,37060,32,2060.0,1711,0,0,0,0,2061.0,700,0,0,0,0,B
2015-08-17,21:01:02,2060.0,154,37214,114,2060.0,1685,0,0,0,0,2061.0,771,0,0,0,0,S
2015-08-17,21:01:02,2061.0,42,37256,30,2060.0,1684,0,0,0,0,2061.0,799,0,0,0,0,B
2015-08-17,21:01:03,2061.0,1428,38684,-366,2060.0,1687,0,0,0,0,2061.0,74,0,0,0,0,B
2015-08-17,21:01:03,2060.0,2124,40808,-492,2059.0,447,0,0,0,0,2060.0,628,0,0,0,0,S
2015-08-17,21:01:04,2060.0,1022,41830,-1018,2059.0,461,0,0,0,0,2060.0,134,0,0,0,0,S
2015-08-17,21:01:04,2060.0,268,42098,-44,2059.0,464,0,0,0,0,2060.0,127,0,0,0,0,S
2015-08-17,21:01:05,2061.0,628,42726,-376,2061.0,491,0,0,0,0,2062.0,1011,0,0,0,0,B
2015-08-17,21:01:05,2061.0,180,42906,-136,2061.0,427,0,0,0,0,2062.0,974,0,0,0,0,B
2015-08-17,21:01:06,2061.0,74,42980,-26,2061.0,450,0,0,0,0,2062.0,969,0,0,0,0,B
2015-08-17,21:01:06,2061.0,1972,44952,-378,2060.0,1026,0,0,0,0,2061.0,192,0,0,0,0,B
2015-08-17,21:01:07,2060.0,142,45094,2,2060.0,827,0,0,0,0,2061.0,159,0,0,0,0,S
2015-08-17,21:01:07,2060.0,62,45156,62,2060.0,925,0,0,0,0,2061.0,272,0,0,0,0,S
2015-08-17,21:01:08,2060.0,52,45208,2,2060.0,928,0,0,0,0,2061.0,264,0,0,0,0,S
2015-08-17,21:01:08,2060.0,1890,47098,1794,2059.0,1108,0,0,0,0,2060.0,906,0,0,0,0,S
2015-08-17,21:01:09,2060.0,34,47132,10,2059.0,1122,0,0,0,0,2060.0,910,0,0,0,0,S
2015-08-17,21:01:09,2059.0,1050,48182,-732,2059.0,1118,0,0,0,0,2060.0,412,0,0,0,0,S
2015-08-17,21:01:10,2059.0,48,48230,-26,2059.0,1125,0,0,0,0,2060.0,896,0,0,0,0,S
2015-08-17,21:01:10,2059.0,36,48266,-12,2059.0,1116,0,0,0,0,2060.0,889,0,0,0,0,S
2015-08-17,21:01:11,2060.0,50,48316,-8,2059.0,1107,0,0,0,0,2060.0,888,0,0,0,0,B
2015-08-17,21:01:11,2060.0,212,48528,70,2059.0,1113,0,0,0,0,2060.0,790,0,0,0,0,B
2015-08-17,21:01:12,2060.0,62,48590,28,2059.0,1083,0,0,0,0,2060.0,777,0,0,0,0,B
2015-08-17,21:01:12,2059.0,10,48600,6,2059.0,1101,0,0,0,0,2060.0,773,0,0,0,0,S
2015-08-17,21:01:13,2060.0,196,48796,84,2059.0,1108,0,0,0,0,2060.0,681,0,0,0,0,B
2015-08-17,21:01:13,2060.0,1214,50010,806,2059.0,607,0,0,0,0,2060.0,732,0,0,0,0,B
2015-08-17,21:01:14,2060.0,14,50024,-8,2059.0,612,0,0,0,0,2060.0,744,0,0,0,0,B
2015-08-17,21:01:14,2060.0,42,50066,0,2059.0,613,0,0,0,0,2060.0,726,0,0,0,0,B
2015-08-17,21:01:15,2060.0,60,50126,56,2059.0,585,0,0,0,0,2060.0,746,0,0,0,0,B
2015-08-17,21:01:15,2060.0,56,50182,48,2059.0,594,0,0,0,0,2060.0,727,0,0,0,0,B
2015-08-17,21:01:16,2059.0,50,50232,8,2059.0,662,0,0,0,0,2060.0,762,0,0,0,0,S
2015-08-17,21:01:16,2060.0,1390,51622,86,2060.0,655,0,0,0,0,2061.0,986,0,0,0,0,B
2015-08-17,21:01:17,2060.0,32,51654,4,2060.0,755,0,0,0,0,2061.0,1012,0,0,0,0,B
2015-08-17,21:01:17,2060.0,214,51868,102,2060.0,657,0,0,0,0,2061.0,1039,0,0,0,0,B
2015-08-17,21:01:18,2060.0,3320,55188,-1170,2059.0,1042,0,0,0,0,2060.0,674,0,0,0,0,B
2015-08-17,21:01:18,2059.0,58,55246,2,2059.0,1395,0,0,0,0,2060.0,869,0,0,0,0,S
2015-08-17,21:01:19,2059.0,238,55484,218,2059.0,1151,0,0,0,0,2060.0,903,0,0,0,0,S
2015-08-17,21:01:19,2059.0,38,55522,10,2059.0,1138,0,0,0,0,2060.0,1016,0,0,0,0,S
2015-08-17,21:01:20,2060.0,1026,56548,-958,2059.0,1140,0,0,0,0,2060.0,624,0,0,0,0,B
2015-08-17,21:01:20,2060.0,22,56570,22,2059.0,1143,0,0,0,0,2060.0,417,0,0,0,0,B
2015-08-17,21:01:21,2061.0,1004,57574,-434,2060.0,679,0,0,0,0,2061.0,796,0,0,0,0,B
2015-08-17,21:01:21,2060.0,44,57618,28,2060.0,1493,0,0,0,0,2061.0,799,0,0,0,0,S
2015-08-17,21:01:22,2060.0,14,57632,12,2060.0,1569,0,0,0,0,2061.0,711,0,0,0,0,S
2015-08-17,21:01:22,2061.0,464,58096,-22,2060.0,1567,0,0,0,0,2061.0,607,0,0,0,0,B
2015-08-17,21:01:23,2060.0,144,58240,94,2060.0,1525,0,0,0,0,2061.0,574,0,0,0,0,S
2015-08-17,21:01:23,2061.0,8,58248,-2,2060.0,1525,0,0,0,0,2061.0,574,0,0,0,0,B
2015-08-17,21:01:24,2061.0,36,58284,20,2060.0,1523,0,0,0,0,2061.0,565,0,0,0,0,B
2015-08-17,21:01:24,2060.0,58,58342,42,2060.0,1503,0,0,0,0,2061.0,561,0,0,0,0,S
2015-08-17,21:01:25,2061.0,26,58368,2,2060.0,1494,0,0,0,0,2061.0,502,0,0,0,0,B
2015-08-17,21:01:25,2061.0,1060,59428,-514,2061.0,628,0,0,0,0,2062.0,1265,0,0,0,0,B
2015-08-17,21:01:26,2062.0,20,59448,-12,2061.0,1239,0,0,0,0,2062.0,1094,0,0,0,0,B
2015-08-17,21:01:26,2062.0,120,59568,-32,2061.0,1424,0,0,0,0,2062.0,1055,0,0,0,0,B
2015-08-17,21:01:27,2061.0,64,59632,-14,2061.0,1406,0,0,0,0,2062.0,1044,0,0,0,0,S
2015-08-17,21:01:27,2061.0,258,59890,12,2061.0,1305,0,0,0,0,2062.0,1028,0,0,0,0,S
2015-08-17,21:01:28,2062.0,30,59920,2,2061.0,1295,0,0,0,0,2062.0,1048,0,0,0,0,B
2015-08-17,21:01:28,2061.0,8,59928,-2,2061.0,1293,0,0,0,0,2062.0,1069,0,0,0,0,S
2015-08-17,21:01:29,2062.0,68,59996,-2,2061.0,1290,0,0,0,0,2062.0,1055,0,0,0,0,B
2015-08-17,21:01:29,2061.0,26,60022,20,2061.0,1279,0,0,0,0,2062.0,1060,0,0,0,0,S
2015-08-17,21:01:30,2062.0,6,60028,0,2061.0,1284,0,0,0,0,2062.0,1187,0,0,0,0,B
2015-08-17,21:01:30,2061.0,32,60060,14,2061.0,1274,0,0,0,0,2062.0,1185,0,0,0,0,S
2015-08-17,21:01:31,2062.0,278,60338,4,2061.0,1255,0,0,0,0,2062.0,1074,0,0,0,0,B
2015-08-17,21:01:31,2062.0,50,60388,0,2061.0,1248,0,0,0,0,2062.0,1094,0,0,0,0,B
2015-08-17,21:01:32,2061.0,138,60526,-14,2061.0,1245,0,0,0,0,2062.0,1042,0,0,0,0,S
2015-08-17,21:01:32,2062.0,114,60640,-94,2061.0,1343,0,0,0,0,2062.0,1002,0,0,0,0,B
2015-08-17,21:01:33,2061.0,34,60674,-16,2061.0,1343,0,0,0,0,2062.0,1209,0,0,0,0,S
2015-08-17,21:01:33,2061.0,26,60700,12,2061.0,1337,0,0,0,0,2062.0,1219,0,0,0,0,S
2015-08-17,21:01:34,2062.0,14,60714,-6,2061.0,1346,0,0,0,0,2062.0,1221,0,0,0,0,B
2015-08-17,21:01:34,2061.0,30,60744,20,2061.0,1336,0,0,0,0,2062.0,1233,0,0,0,0,S
2015-08-17,21:01:35,2062.0,32,60776,-18,2061.0,1346,0,0,0,0,2062.0,1223,0,0,0,0,B
2015-08-17,21:01:35,2061.0,32,60808,-12,2061.0,1345,0,0,0,0,2062.0,1258,0,0,0,0,S
2015-08-17,21:01:36,2062.0,26,60834,0,2061.0,1146,0,0,0,0,2062.0,1260,0,0,0,0,B
2015-08-17,21:01:36,2062.0,124,60958,24,2061.0,1124,0,0,0,0,2062.0,1231,0,0,0,0,B
2015-08-17,21:01:37,2062.0,298,61256,270,2061.0,982,0,0,0,0,2062.0,1299,0,0,0,0,B
2015-08-17,21:01:37,2062.0,474,61730,-4,2061.0,764,0,0,0,0,2062.0,1317,0,0,0,0,B
2015-08-17,21:01:38,2062.0,270,62000,-14,2061.0,763,0,0,0,0,2062.0,1365,0,0,0,0,B
2015-08-17,21:01:38,2061.0,54,62054,-22,2061.0,769,0,0,0,0,2062.0,1351,0,0,0,0,S
2015-08-17,21:01:39,2062.0,266,62320,204,2061.0,836,0,0,0,0,2062.0,1236,0,0,0,0,B
2015-08-17,21:01:39,2061.0,40,62360,14,2061.0,827,0,0,0,0,2062.0,1235,0,0,0,0,S
2015-08-17,21:01:40,2061.0,28,62388,22,2061.0,825,0,0,0,0,2062.0,1220,0,0,0,0,S
2015-08-17,21:01:40,2062.0,32,62420,20,2061.0,820,0,0,0,0,2062.0,1225,0,0,0,0,B
2015-08-17,21:01:41,2061.0,126,62546,0,2061.0,690,0,0,0,0,2062.0,1223,0,0,0,0,S
2015-08-17,21:01:41,2062.0,16,62562,0,2061.0,691,0,0,0,0,2062.0,1240,0,0,0,0,B
2015-08-17,21:01:42,2061.0,6,62568,4,2061.0,691,0,0,0,0,2062.0,1242,0,0,0,0,S
2015-08-17,21:01:42,2061.0,36,62604,-8,2061.0,681,0,0,0,0,2062.0,1237,0,0,0,0,S
2015-08-17,21:01:43,2061.0,52,62656,20,2061.0,671,0,0,0,0,2062.0,1226,0,0,0,0,S
2015-08-17,21:01:43,2061.0,46,62702,16,2061.0,663,0,0,0,0,2062.0,1216,0,0,0,0,S
2015-08-17,21:01:44,2061.0,2,62704,-2,2061.0,663,0,0,0,0,2062.0,1226,0,0,0,0,S
2015-08-17,21:01:44,2062.0,66,62770,10,2061.0,634,0,0,0,0,2062.0,1223,0,0,0,0,B
2015-08-17,21:01:45,2062.0,2484,65254,708,2062.0,271,0,0,0,0,2063.0,1289,0,0,0,0,B
2015-08-17,21:01:45,2062.0,426,65680,154,2062.0,147,0,0,0,0,2063.0,1060,0,0,0,0,B
2015-08-17,21:01:46,2063.0,150,65830,108,2062.0,155,0,0,0,0,2063.0,1071,0,0,0,0,B
2015-08-17,21:01:46,2062.0,448,66278,-98,2061.0,1009,0,0,0,0,2062.0,746,0,0,0,0,S
2015-08-17,21:01:47,2062.0,6,66284,0,2061.0,1095,0,0,0,0,2062.0,885,0,0,0,0,S
2015-08-17,21:01:47,2062.0,2,66286,-2,2061.0,1095,0,0,0,0,2062.0,907,0,0,0,0,S
2015-08-17,21:01:48,2062.0,36,66322,-8,2061.0,1093,0,0,0,0,2062.0,911,0,0,0,0,S
2015-08-17,21:01:48,2062.0,36,66358,-4,2061.0,1093,0,0,0,0,2062.0,938,0,0,0,0,S
2015-08-17,21:01:49,2062.0,108,66466,-100,2061.0,1102,0,0,0,0,2062.0,913,0,0,0,0,S
2015-08-17,21:01:49,2062.0,208,66674,-2,2061.0,1103,0,0,0,0,2062.0,817,0,0,0,0,S
2015-08-17,21:01:50,2062.0,20,66694,0,2061.0,1108,0,0,0,0,2062.0,822,0,0,0,0,S
2015-08-17,21:01:50,2062.0,1672,68366,298,2062.0,1213,0,0,0,0,2063.0,1056,0,0,0,0,S
2015-08-17,21:01:51,2062.0,208,68574,0,2062.0,1263,0,0,0,0,2063.0,1034,0,0,0,0,S
2015-08-17,21:01:51,2062.0,26,68600,26,2062.0,1258,0,0,0,0,2063.0,1019,0,0,0,0,S
2015-08-17,21:01:52,2062.0,60,68660,52,2062.0,1286,0,0,0,0,2063.0,1003,0,0,0,0,S
2015-08-17,21:01:52,2063.0,12,68672,6,2062.0,1284,0,0,0,0,2063.0,1003,0,0,0,0,B
2015-08-17,21:01:53,2062.0,424,69096,-6,2062.0,1079,0,0,0,0,2063.0,1000,0,0,0,0,S
2015-08-17,21:01:53,2062.0,74,69170,54,2062.0,1098,0,0,0,0,2063.0,1006,0,0,0,0,S
2015-08-17,21:01:54,2062.0,56,69226,52,2062.0,1078,0,0,0,0,2063.0,1132,0,0,0,0,S
2015-08-17,21:01:54,2062.0,8,69234,0,2062.0,1075,0,0,0,0,2063.0,1161,0,0,0,0,S
2015-08-17,21:01:55,2062.0,414,69648,-24,2062.0,1020,0,0,0,0,2063.0,1017,0,0,0,0,S
2015-08-17,21:01:55,2063.0,40,69688,20,2062.0,1028,0,0,0,0,2063.0,1262,0,0,0,0,B
2015-08-17,21:01:56,2063.0,220,69908,130,2062.0,1022,0,0,0,0,2063.0,1141,0,0,0,0,B
2015-08-17,21:01:56,2063.0,6,69914,0,2062.0,1025,0,0,0,0,2063.0,1139,0,0,0,0,B
2015-08-17,21:01:57,2063.0,296,70210,150,2062.0,980,0,0,0,0,2063.0,1040,0,0,0,0,B
2015-08-17,21:01:57,2063.0,1146,71356,122,2062.0,470,0,0,0,0,2063.0,986,0,0,0,0,B
2015-08-17,21:01:58,2062.0,746,72102,-158,2061.0,1081,0,0,0,0,2062.0,786,0,0,0,0,S
2015-08-17,21:01:58,2062.0,88,72190,-46,2061.0,1081,0,0,0,0,2062.0,860,0,0,0,0,S
2015-08-17,21:01:59,2061.0,18,72208,-4,2061.0,1068,0,0,0,0,2062.0,890,0,0,0,0,S
2015-08-17,21:01:59,2062.0,30,72238,0,2061.0,1068,0,0,0,0,2062.0,875,0,0,0,0,B
2015-08-17,21:02:00,2062.0,118,72356,-16,2061.0,1057,0,0,0,0,2062.0,817,0,0,0,0,B
2015-08-17,21:02:00,2062.0,78,72434,-64,2061.0,1141,0,0,0,0,2062.0,888,0,0,0,0,B
2015-08-17,21:02:01,2062.0,64,72498,-4,2061.0,1206,0,0,0,0,2062.0,881,0,0,0,0,B
2015-08-17,21:02:01,2062.0,24,72522,0,2061.0,1200,0,0,0,0,2062.0,883,0,0,0,0,B
2015-08-17,21:02:02,2062.0,32,72554,-16,2061.0,1202,0,0,0,0,2062.0,870,0,0,0,0,B
2015-08-17,21:02:02,2061.0,64,72618,-6,2061.0,1220,0,0,0,0,2062.0,844,0,0,0,0,S
2015-08-17,21:02:03,2062.0,106,72724,-4,2061.0,1239,0,0,0,0,2062.0,801,0,0,0,0,B
2015-08-17,21:02:03,2062.0,44,72768,0,2061.0,1249,0,0,0,0,2062.0,828,0,0,0,0,B
2015-08-17,21:02:04,2062.0,308,73076,0,2061.0,1250,0,0,0,0,2062.0,691,0,0,0,0,B
2015-08-17,21:02:04,2061.0,250,73326,-244,2061.0,1133,0,0,0,0,2062.0,695,0,0,0,0,S
2015-08-17,21:02:05,2062.0,12,73338,0,2061.0,1134,0,0,0,0,2062.0,775,0,0,0,0,B
2015-08-17,21:02:05,2062.0,18,73356,-2,2061.0,1138,0,0,0,0,2062.0,803,0,0,0,0,B
2015-08-17,21:02:06,2062.0,10,73366,0,2061.0,1138,0,0,0,0,2062.0,803,0,0,0,0,B
2015-08-17,21:02:06,2062.0,48,73414,-42,2061.0,1129,0,0,0,0,2062.0,795,0,0,0,0,B
2015-08-17,21:02:07,2062.0,30,73444,-2,2061.0,1130,0,0,0,0,2062.0,792,0,0,0,0,B
2015-08-17,21:02:07,2062.0,8,73452,-8,2061.0,1131,0,0,0,0,2062.0,802,0,0,0,0,B
2015-08-17,21:02:08,2062.0,316,73768,-8,2061.0,1132,0,0,0,0,2062.0,703,0,0,0,0,B
2015-08-17,21:02:08,2061.0,12,73780,-4,2061.0,1137,0,0,0,0,2062.0,709,0,0,0,0,S
2015-08-17,21:02:09,2062.0,2,73782,-2,2061.0,1153,0,0,0,0,2062.0,709,0,0,0,0,B
2015-08-17,21:02:09,2062.0,18,73800,-2,2061.0,1172,0,0,0,0,2062.0,700,0,0,0,0,B
2015-08-17,21:02:10,2062.0,34,73834,-2,2061.0,1166,0,0,0,0,2062.0,690,0,0,0,0,B
2015-08-17,21:02:10,2062.0,2,73836,0,2061.0,1170,0,0,0,0,2062.0,693,0,0,0,0,B
2015-08-17,21:02:11,2062.0,6,73842,-2,2061.0,1171,0,0,0,0,2062.0,702,0,0,0,0,B
2015-08-17,21:02:11,2061.0,2,73844,-2,2061.0,1171,0,0,0,0,2062.0,703,0,0,0,0,S
2015-08-17,21:02:12,2062.0,2,73846,0,2061.0,1172,0,0,0,0,2062.0,703,0,0,0,0,B
2015-08-17,21:02:12,2062.0,4,73850,-2,2061.0,1171,0,0,0,0,2062.0,701,0,0,0,0,B
2015-08-17,21:02:13,2061.0,4,73854,-2,2061.0,1172,0,0,0,0,2062.0,705,0,0,0,0,S
2015-08-17,21:02:13,2061.0,24,73878,-2,2061.0,1162,0,0,0,0,2062.0,886,0,0,0,0,S
2015-08-17,21:02:14,2062.0,178,74056,-42,2061.0,1162,0,0,0,0,2062.0,802,0,0,0,0,B
2015-08-17,21:02:14,2061.0,40,74096,0,2061.0,1142,0,0,0,0,2062.0,823,0,0,0,0,S
2015-08-17,21:02:15,2061.0,68,74164,-10,2061.0,1119,0,0,0,0,2062.0,816,0,0,0,0,S
2015-08-17,21:02:15,2062.0,20,74184,-20,2061.0,1120,0,0,0,0,2062.0,814,0,0,0,0,B
2015-08-17,21:02:16,2062.0,2,74186,0,2061.0,1120,0,0,0,0,2062.0,813,0,0,0,0,B
2015-08-17,21:02:16,2061.0,1108,75294,390,2061.0,544,0,0,0,0,2062.0,819,0,0,0,0,S
2015-08-17,21:02:17,2061.0,1114,76408,386,2060.0,1990,0,0,0,0,2061.0,662,0,0,0,0,S
2015-08-17,21:02:17,2061.0,144,76552,-8,2060.0,1836,0,0,0,0,2061.0,1093,0,0,0,0,S
2015-08-17,21:02:18,2060.0,16,76568,0,2060.0,1837,0,0,0,0,2061.0,1093,0,0,0,0,S
2015-08-17,21:02:18,2060.0,10,76578,0,2060.0,1829,0,0,0,0,2061.0,1193,0,0,0,0,S
2015-08-17,21:02:19,2061.0,20,76598,4,2060.0,1914,0,0,0,0,2061.0,1292,0,0,0,0,B
2015-08-17,21:02:19,2060.0,4,76602,2,2060.0,1914,0,0,0,0,2061.0,1293,0,0,0,0,S
2015-08-17,21:02:20,2061.0,12,76614,-2,2060.0,1912,0,0,0,0,2061.0,1287,0,0,0,0,B
2015-08-17,21:02:20,2061.0,6,76620,0,2060.0,1911,0,0,0,0,2061.0,1286,0,0,0,0,B
2015-08-17,21:02:21,2060.0,12,76632,0,2060.0,1916,0,0,0,0,2061.0,1286,0,0,0,0,S
2015-08-17,21:02:21,2060.0,74,76706,0,2060.0,1881,0,0,0,0,2061.0,1287,0,0,0,0,S
2015-08-17,21:02:22,2061.0,66,76772,-48,2060.0,1888,0,0,0,0,2061.0,1261,0,0,0,0,B
2015-08-17,21:02:22,2061.0,86,76858,84,2060.0,1846,0,0,0,0,2061.0,1291,0,0,0,0,B
2015-08-17,21:02:23,2061.0,12,76870,4,2060.0,1844,0,0,0,0,2061.0,1289,0,0,0,0,B
2015-08-17,21:02:23,2060.0,6,76876,6,2060.0,1842,0,0,0,0,2061.0,1290,0,0,0,0,S
2015-08-17,21:02:24,2061.0,4,76880,-4,2060.0,1850,0,0,0,0,2061.0,809,0,0,0,0,B
2015-08-17,21:02:24,2060.0,12,76892,10,2060.0,1948,0,0,0,0,2061.0,808,0,0,0,0,S
2015-08-17,21:02:25,2061.0,22,76914,0,2060.0,1969,0,0,0,0,2061.0,800,0,0,0,0,B
2015-08-17,21:02:25,2060.0,70,76984,16,2060.0,1965,0,0,0,0,2061.0,794,0,0,0,0,S
2015-08-17,21:02:26,2061.0,12,76996,4,2060.0,1965,0,0,0,0,2061.0,789,0,0,0,0,B
2015-08-17,21:02:26,2061.0,14,77010,12,2060.0,1968,0,0,0,0,2061.0,784,0,0,0,0,B
2015-08-17,21:02:27,2060.0,186,77196,182,2060.0,1880,0,0,0,0,2061.0,783,0,0,0,0,S
2015-08-17,21:02:27,2061.0,1452,78648,-628,2061.0,597,0,0,0,0,2062.0,1152,0,0,0,0,B
2015-08-17,21:02:28,2061.0,100,78748,0,2061.0,556,0,0,0,0,2062.0,1104,0,0,0,0,B
2015-08-17,21:02:28,2061.0,14,78762,0,2061.0,561,0,0,0,0,2062.0,1104,0,0,0,0,B
2015-08-17,21:02:29,2061.0,6,78768,-4,2061.0,662,0,0,0,0,2062.0,1107,0,0,0,0,B
2015-08-17,21:02:29,2061.0,62,78830,-2,2061.0,647,0,0,0,0,2062.0,1108,0,0,0,0,B
2015-08-17,21:02:30,2061.0,148,78978,-4,2061.0,715,0,0,0,0,2062.0,1120,0,0,0,0,B
2015-08-17,21:02:30,2061.0,22,79000,0,2061.0,706,0,0,0,0,2062.0,1119,0,0,0,0,B
2015-08-17,21:02:31,2062.0,124,79124,0,2061.0,1147,0,0,0,0,2062.0,1116,0,0,0,0,B
2015-08-17,21:02:31,2061.0,32,79156,-8,2061.0,1135,0,0,0,0,2062.0,1116,0,0,0,0,S
2015-08-17,21:02:32,2062.0,26,79182,-18,2061.0,1133,0,0,0,0,2062.0,1132,0,0,0,0,B
2015-08-17,21:02:32,2061.0,6,79188,-6,2061.0,1156,0,0,0,0,2062.0,1134,0,0,0,0,S
2015-08-17,21:02:33,2061.0,1834,81022,-426,2061.0,239,0,0,0,0,2062.0,1176,0,0,0,0,S
2015-08-17,21:02:33,2060.0,490,81512,-12,2060.0,2025,0,0,0,0,2061.0,649,0,0,0,0,S
2015-08-17,21:02:34,2061.0,524,82036,-342,2060.0,2029,0,0,0,0,2061.0,440,0,0,0,0,B
2015-08-17,21:02:34,2061.0,12,82048,12,2060.0,2014,0,0,0,0,2061.0,438,0,0,0,0,B
2015-08-17,21:02:35,2061.0,370,82418,6,2060.0,2021,0,0,0,0,2061.0,259,0,0,0,0,B
2015-08-17,21:02:35,2061.0,518,82936,-356,2061.0,974,0,0,0,0,2062.0,1172,0,0,0,0,B
2015-08-17,21:02:36,2061.0,8,82944,2,2061.0,1232,0,0,0,0,2062.0,1174,0,0,0,0,B
2015-08-17,21:02:36,2062.0,6,82950,4,2061.0,1313,0,0,0,0,2062.0,1174,0,0,0,0,B
2015-08-17,21:02:37,2061.0,48,82998,24,2061.0,1377,0,0,0,0,2062.0,1174,0,0,0,0,S
2015-08-17,21:02:37,2061.0,10,83008,6,2061.0,1378,0,0,0,0,2062.0,1174,0,0,0,0,S
2015-08-17,21:02:38,2061.0,12,83020,10,2061.0,1375,0,0,0,0,2062.0,1178,0,0,0,0,S
2015-08-17,21:02:38,2061.0,22,83042,22,2061.0,1365,0,0,0,0,2062.0,1188,0,0,0,0,S
2015-08-17,21:02:39,2061.0,10,83052,10,2061.0,1399,0,0,0,0,2062.0,1228,0,0,0,0,S
2015-08-17,21:02:39,2061.0,76,83128,24,2061.0,1363,0,0,0,0,2062.0,1231,0,0,0,0,S
2015-08-17,21:02:40,2062.0,200,83328,0,2061.0,1448,0,0,0,0,2062.0,1146,0,0,0,0,B
2015-08-17,21:02:40,2061.0,60,83388,60,2061.0,1420,0,0,0,0,2062.0,1150,0,0,0,0,S
2015-08-17,21:02:41,2061.0,388,83776,384,2061.0,1228,0,0,0,0,2062.0,1150,0,0,0,0,S
2015-08-17,21:02:41,2061.0,36,83812,2,2061.0,1215,0,0,0,0,2062.0,1240,0,0,0,0,S
2015-08-17,21:02:42,2061.0,12,83824,8,2061.0,1211,0,0,0,0,2062.0,1239,0,0,0,0,S
2015-08-17,21:02:42,2061.0,1006,84830,-552,2061.0,1211,0,0,0,0,2062.0,739,0,0,0,0,S
2015-08-17,21:02:43,2061.0,4,84834,4,2061.0,1305,0,0,0,0,2062.0,763,0,0,0,0,S
2015-08-17,21:02:43,2062.0,10,84844,8,2061.0,1309,0,0,0,0,2062.0,768,0,0,0,0,B
2015-08-17,21:02:44,2061.0,232,85076,-68,2061.0,1300,0,0,0,0,2062.0,678,0,0,0,0,S
2015-08-17,21:02:44,2061.0,12,85088,0,2061.0,1297,0,0,0,0,2062.0,695,0,0,0,0,S
2015-08-17,21:02:45,2061.0,26,85114,-22,2061.0,1306,0,0,0,0,2062.0,683,0,0,0,0,S
2015-08-17,21:02:45,2062.0,6,85120,0,2061.0,1411,0,0,0,0,2062.0,683,0,0,0,0,B
2015-08-17,21:02:46,2062.0,134,85254,42,2061.0,1395,0,0,0,0,2062.0,543,0,0,0,0,B
2015-08-17,21:02:46,2062.0,4,85258,0,2061.0,1925,0,0,0,0,2062.0,543,0,0,0,0,B
2015-08-17,21:02:47,2061.0,88,85346,36,2061.0,1909,0,0,0,0,2062.0,490,0,0,0,0,S
2015-08-17,21:02:47,2062.0,602,85948,458,2061.0,1440,0,0,0,0,2062.0,196,0,0,0,0,B
2015-08-17,21:02:48,2062.0,392,86340,172,2062.0,639,0,0,0,0,2063.0,1731,0,0,0,0,B
2015-08-17,21:02:48,2062.0,16,86356,-14,2062.0,657,0,0,0,0,2063.0,1581,0,0,0,0,B
2015-08-17,21:02:49,2062.0,12,86368,4,2062.0,666,0,0,0,0,2063.0,1577,0,0,0,0,B
2015-08-17,21:02:49,2062.0,172,86540,-150,2062.0,582,0,0,0,0,2063.0,1574,0,0,0,0,B
2015-08-17,21:02:50,2062.0,22,86562,-16,2062.0,572,0,0,0,0,2063.0,1574,0,0,0,0,B
2015-08-17,21:02:50,2062.0,1150,87712,-430,2061.0,1569,0,0,0,0,2062.0,1656,0,0,0,0,B
2015-08-17,21:02:51,2062.0,308,88020,2,2061.0,1572,0,0,0,0,2062.0,1926,0,0,0,0,B
2015-08-17,21:02:51,2061.0,6,88026,0,2061.0,1544,0,0,0,0,2062.0,1982,0,0,0,0,S
2015-08-17,21:02:52,2061.0,24,88050,24,2061.0,1655,0,0,0,0,2062.0,1984,0,0,0,0,S
2015-08-17,21:02:53,2062.0,26,88076,0,2061.0,1656,0,0,0,0,2062.0,1925,0,0,0,0,B
2015-08-17,21:02:53,2062.0,22,88098,0,2061.0,1656,0,0,0,0,2062.0,1915,0,0,0,0,B
2015-08-17,21:02:54,2062.0,1016,89114,-992,2061.0,1652,0,0,0,0,2062.0,1411,0,0,0,0,B
2015-08-17,21:02:54,2062.0,4,89118,-2,2061.0,1654,0,0,0,0,2062.0,1400,0,0,0,0,B
2015-08-17,21:02:55,2062.0,8,89126,2,2061.0,1656,0,0,0,0,2062.0,1391,0,0,0,0,B
2015-08-17,21:02:56,2062.0,580,89706,100,2061.0,1586,0,0,0,0,2062.0,1171,0,0,0,0,B
2015-08-17,21:02:56,2062.0,50,89756,4,2061.0,1586,0,0,0,0,2062.0,1153,0,0,0,0,B
2015-08-17,21:02:57,2062.0,4,89760,0,2061.0,1588,0,0,0,0,2062.0,1182,0,0,0,0,B
2015-08-17,21:02:57,2061.0,2,89762,2,2061.0,1587,0,0,0,0,2062.0,1204,0,0,0,0,S
2015-08-17,21:02:58,2061.0,28,89790,0,2061.0,1576,0,0,0,0,2062.0,1217,0,0,0,0,S
2015-08-17,21:02:58,2062.0,52,89842,-34,2061.0,1623,0,0,0,0,2062.0,1200,0,0,0,0,B
2015-08-17,21:02:59,2061.0,1014,90856,0,2061.0,1622,0,0,0,0,2062.0,717,0,0,0,0,S
2015-08-17,21:02:59,2062.0,1090,91946,554,2062.0,559,0,0,0,0,2063.0,1595,0,0,0,0,B
2015-08-17,21:03:00,2062.0,108,92054,54,2062.0,530,0,0,0,0,2063.0,1758,0,0,0,0,B
2015-08-17,21:03:00,2062.0,350,92404,148,2062.0,378,0,0,0,0,2063.0,1708,0,0,0,0,B
2015-08-17,21:03:01,2062.0,1058,93462,610,2061.0,1715,0,0,0,0,2062.0,1064,0,0,0,0,B
2015-08-17,21:03:01,2062.0,30,93492,-8,2061.0,1561,0,0,0,0,2062.0,1082,0,0,0,0,B
2015-08-17,21:03:02,2061.0,42,93534,2,2061.0,1590,0,0,0,0,2062.0,1098,0,0,0,0,S
2015-08-17,21:03:02,2062.0,8,93542,-8,2061.0,1585,0,0,0,0,2062.0,1105,0,0,0,0,B
2015-08-17,21:03:03,2062.0,80,93622,-40,2061.0,1585,0,0,0,0,2062.0,1082,0,0,0,0,B
2015-08-17,21:03:03,2061.0,12,93634,12,2061.0,1587,0,0,0,0,2062.0,1080,0,0,0,0,S
2015-08-17,21:03:04,2062.0,8,93642,-4,2061.0,1597,0,0,0,0,2062.0,1080,0,0,0,0,B
2015-08-17,21:03:04,2062.0,8,93650,-4,2061.0,1609,0,0,0,0,2062.0,1082,0,0,0,0,B
2015-08-17,21:03:05,2062.0,14,93664,0,2061.0,1634,0,0,0,0,2062.0,1082,0,0,0,0,B
2015-08-17,21:03:05,2062.0,12,93676,0,2061.0,1648,0,0,0,0,2062.0,1082,0,0,0,0,B
2015-08-17,21:03:06,2062.0,10,93686,-2,2061.0,1665,0,0,0,0,2062.0,1086,0,0,0,0,B
2015-08-17,21:03:06,2062.0,602,94288,-534,2061.0,1667,0,0,0,0,2062.0,794,0,0,0,0,B
2015-08-17,21:03:07,2062.0,58,94346,44,2061.0,1755,0,0,0,0,2062.0,764,0,0,0,0,B
2015-08-17,21:03:08,2062.0,24,94370,24,2061.0,1752,0,0,0,0,2062.0,769,0,0,0,0,B
2015-08-17,21:03:09,2062.0,2,94372,2,2061.0,1763,0,0,0,0,2062.0,842,0,0,0,0,B
2015-08-17,21:03:10,2062.0,6,94378,6,2061.0,1765,0,0,0,0,2062.0,920,0,0,0,0,B
2015-08-17,21:03:10,2062.0,20,94398,0,2061.0,1765,0,0,0,0,2062.0,923,0,0,0,0,B
2015-08-17,21:03:11,2062.0,10,94408,10,2061.0,1764,0,0,0,0,2062.0,1001,0,0,0,0,B
2015-08-17,21:03:11,2061.0,4,94412,4,2061.0,1768,0,0,0,0,2062.0,1005,0,0,0,0,S
2015-08-17,21:03:12,2062.0,8,94420,8,2061.0,1767,0,0,0,0,2062.0,1017,0,0,0,0,B
2015-08-17,21:03:13,2062.0,6,94426,0,2061.0,1764,0,0,0,0,2062.0,1024,0,0,0,0,B
2015-08-17,21:03:13,2062.0,18,94444,2,2061.0,1763,0,0,0,0,2062.0,1022,0,0,0,0,B
2015-08-17,21:03:14,2062.0,4,94448,4,2061.0,1765,0,0,0,0,2062.0,1023,0,0,0,0,B
2015-08-17,21:03:14,2062.0,8,94456,2,2061.0,1772,0,0,0,0,2062.0,1026,0,0,0,0,B
2015-08-17,21:03:15,2061.0,50,94506,40,2061.0,1767,0,0,0,0,2062.0,1074,0,0,0,0,S
2015-08-17,21:03:15,2062.0,124,94630,120,2061.0,1758,0,0,0,0,2062.0,1013,0,0,0,0,B
2015-08-17,21:03:16,2062.0,10,94640,10,2061.0,1758,0,0,0,0,2062.0,1000,0,0,0,0,B
2015-08-17,21:03:17,2061.0,8,94648,8,2061.0,1756,0,0,0,0,2062.0,1001,0,0,0,0,S
2015-08-17,21:03:17,2062.0,4,94652,2,2061.0,1760,0,0,0,0,2062.0,1033,0,0,0,0,B
2015-08-17,21:03:18,2062.0,4,94656,0,2061.0,1766,0,0,0,0,2062.0,1111,0,0,0,0,B
2015-08-17,21:03:18,2061.0,10,94666,4,2061.0,1764,0,0,0,0,2062.0,1134,0,0,0,0,S
2015-08-17,21:03:19,2062.0,2,94668,0,2061.0,1787,0,0,0,0,2062.0,1154,0,0,0,0,B
2015-08-17,21:03:19,2061.0,10,94678,10,2061.0,1785,0,0,0,0,2062.0,1156,0,0,0,0,S
2015-08-17,21:03:20,2062.0,14,94692,2,2061.0,1808,0,0,0,0,2062.0,1158,0,0,0,0,B
2015-08-17,21:03:21,2062.0,6,94698,0,2061.0,1809,0,0,0,0,2062.0,1173,0,0,0,0,B
2015-08-17,21:03:22,2062.0,6,94704,-4,2061.0,1861,0,0,0,0,2062.0,1177,0,0,0,0,B
2015-08-17,21:03:23,2061.0,4,94708,4,2061.0,1879,0,0,0,0,2062.0,1242,0,0,0,0,S
2015-08-17,21:03:23,2061.0,6,94714,6,2061.0,1861,0,0,0,0,2062.0,1246,0,0,0,0,S
2015-08-17,21:03:24,2062.0,2,94716,-2,2061.0,1861,0,0,0,0,2062.0,1246,0,0,0,0,B
2015-08-17,21:03:24,2062.0,6,94722,2,2061.0,1907,0,0,0,0,2062.0,1265,0,0,0,0,B
2015-08-17,21:03:25,2062.0,6,94728,-2,2061.0,1908,0,0,0,0,2062.0,1274,0,0,0,0,B
2015-08-17,21:03:25,2062.0,8,94736,0,2061.0,1909,0,0,0,0,2062.0,1271,0,0,0,0,B
2015-08-17,21:03:26,2062.0,40,94776,-36,2061.0,1916,0,0,0,0,2062.0,1251,0,0,0,0,B
2015-08-17,21:03:26,2062.0,38,94814,0,2061.0,1918,0,0,0,0,2062.0,1232,0,0,0,0,B
2015-08-17,21:03:27,2061.0,12,94826,8,2061.0,1916,0,0,0,0,2062.0,1256,0,0,0,0,S
2015-08-17,21:03:27,2061.0,62,94888,62,2061.0,1899,0,0,0,0,2062.0,1302,0,0,0,0,S
2015-08-17,21:03:28,2061.0,2,94890,0,2061.0,1949,0,0,0,0,2062.0,1326,0,0,0,0,S
2015-08-17,21:03:29,2062.0,2,94892,-2,2061.0,1849,0,0,0,0,2062.0,1334,0,0,0,0,B
2015-08-17,21:03:29,2062.0,108,95000,-8,2061.0,1849,0,0,0,0,2062.0,1301,0,0,0,0,B
2015-08-17,21:03:31,2061.0,2,95002,2,2061.0,1848,0,0,0,0,2062.0,1311,0,0,0,0,S
2015-08-17,21:03:32,2062.0,22,95024,0,2061.0,1854,0,0,0,0,2062.0,1353,0,0,0,0,B
2015-08-17,21:03:32,2061.0,80,95104,80,2061.0,1814,0,0,0,0,2062.0,1371,0,0,0,0,S
2015-08-17,21:03:33,2062.0,6,95110,0,2061.0,1824,0,0,0,0,2062.0,1380,0,0,0,0,B
2015-08-17,21:03:33,2061.0,2,95112,2,2061.0,1813,0,0,0,0,2062.0,1382,0,0,0,0,S
2015-08-17,21:03:34,2061.0,2,95114,0,2061.0,1812,0,0,0,0,2062.0,1883,0,0,0,0,S
2015-08-17,21:03:34,2062.0,6,95120,0,2061.0,1812,0,0,0,0,2062.0,1887,0,0,0,0,B
2015-08-17,21:03:35,2061.0,4,95124,-2,2061.0,1862,0,0,0,0,2062.0,1948,0,0,0,0,S
2015-08-17,21:03:36,2062.0,4,95128,0,2061.0,1861,0,0,0,0,2062.0,1948,0,0,0,0,B
2015-08-17,21:03:37,2061.0,2,95130,2,2061.0,1862,0,0,0,0,2062.0,1965,0,0,0,0,S
2015-08-17,21:03:39,2061.0,4,95134,2,2061.0,1931,0,0,0,0,2062.0,1982,0,0,0,0,S
2015-08-17,21:03:40,2062.0,8,95142,0,2061.0,1939,0,0,0,0,2062.0,1986,0,0,0,0,B
2015-08-17,21:03:40,2061.0,6,95148,2,2061.0,1938,0,0,0,0,2062.0,1991,0,0,0,0,S
2015-08-17,21:03:41,2061.0,2,95150,0,2061.0,1937,0,0,0,0,2062.0,2001,0,0,0,0,S
2015-08-17,21:03:41,2061.0,4,95154,0,2061.0,1986,0,0,0,0,2062.0,2002,0,0,0,0,S
2015-08-17,21:03:42,2061.0,10,95164,10,2061.0,1984,0,0,0,0,2062.0,2002,0,0,0,0,S
2015-08-17,21:03:42,2061.0,6,95170,2,2061.0,1976,0,0,0,0,2062.0,2002,0,0,0,0,S
2015-08-17,21:03:43,2062.0,40,95210,0,2061.0,1976,0,0,0,0,2062.0,1981,0,0,0,0,B
2015-08-17,21:03:43,2061.0,52,95262,52,2061.0,1950,0,0,0,0,2062.0,1982,0,0,0,0,S
2015-08-17,21:03:44,2061.0,26,95288,0,2061.0,1994,0,0,0,0,2062.0,2003,0,0,0,0,S
2015-08-17,21:03:45,2061.0,8,95296,6,2061.0,1991,0,0,0,0,2062.0,2003,0,0,0,0,S
2015-08-17,21:03:45,2062.0,2,95298,0,2061.0,1991,0,0,0,0,2062.0,2307,0,0,0,0,B
2015-08-17,21:03:46,2061.0,4,95302,0,2061.0,1989,0,0,0,0,2062.0,2310,0,0,0,0,S
2015-08-17,21:03:46,2062.0,2,95304,0,2061.0,1989,0,0,0,0,2062.0,2315,0,0,0,0,B
2015-08-17,21:03:47,2061.0,4,95308,0,2061.0,1987,0,0,0,0,2062.0,2315,0,0,0,0,S
2015-08-17,21:03:48,2061.0,42,95350,-4,2061.0,1918,0,0,0,0,2062.0,2318,0,0,0,0,S
2015-08-17,21:03:49,2062.0,12,95362,0,2061.0,1921,0,0,0,0,2062.0,2324,0,0,0,0,B
2015-08-17,21:03:49,2061.0,32,95394,0,2061.0,1911,0,0,0,0,2062.0,2383,0,0,0,0,S
2015-08-17,21:03:50,2061.0,482,95876,116,2061.0,1671,0,0,0,0,2062.0,2389,0,0,0,0,S
2015-08-17,21:03:50,2061.0,474,96350,30,2061.0,1335,0,0,0,0,2062.0,2390,0,0,0,0,S
2015-08-17,21:03:51,2061.0,56,96406,56,2061.0,1307,0,0,0,0,2062.0,2370,0,0,0,0,S
2015-08-17,21:03:51,2061.0,18,96424,16,2061.0,1297,0,0,0,0,2062.0,2369,0,0,0,0,S
2015-08-17,21:03:52,2061.0,24,96448,22,2061.0,1484,0,0,0,0,2062.0,2371,0,0,0,0,S
2015-08-17,21:03:52,2061.0,26,96474,6,2061.0,1493,0,0,0,0,2062.0,2372,0,0,0,0,S
2015-08-17,21:03:53,2061.0,22,96496,2,2061.0,1340,0,0,0,0,2062.0,2373,0,0,0,0,S
2015-08-17,21:03:53,2062.0,178,96674,106,2061.0,1261,0,0,0,0,2062.0,2365,0,0,0,0,B
2015-08-17,21:03:54,2062.0,58,96732,6,2061.0,1245,0,0,0,0,2062.0,2371,0,0,0,0,B
2015-08-17,21:03:54,2061.0,12,96744,-2,2061.0,1239,0,0,0,0,2062.0,2371,0,0,0,0,S
2015-08-17,21:03:55,2061.0,108,96852,-4,2061.0,1186,0,0,0,0,2062.0,2372,0,0,0,0,S
2015-08-17,21:03:56,2062.0,24,96876,-22,2061.0,1253,0,0,0,0,2062.0,2813,0,0,0,0,B
2015-08-17,21:03:56,2061.0,4,96880,-2,2061.0,1256,0,0,0,0,2062.0,2825,0,0,0,0,S
2015-08-17,21:03:57,2062.0,126,97006,-20,2061.0,1254,0,0,0,0,2062.0,2768,0,0,0,0,B
2015-08-17,21:03:57,2061.0,20,97026,-4,2061.0,1263,0,0,0,0,2062.0,2762,0,0,0,0,S
2015-08-17,21:03:58,2061.0,4,97030,0,2061.0,1337,0,0,0,0,2062.0,2764,0,0,0,0,S
2015-08-17,21:03:59,2061.0,2,97032,0,2061.0,1338,0,0,0,0,2062.0,2774,0,0,0,0,S
2015-08-17,21:03:59,2061.0,4,97036,0,2061.0,1339,0,0,0,0,2062.0,2775,0,0,0,0,S
2015-08-17,21:04:00,2062.0,4,97040,-4,2061.0,1343,0,0,0,0,2062.0,2774,0,0,0,0,B
2015-08-17,21:04:00,2062.0,10,97050,-4,2061.0,1353,0,0,0,0,2062.0,2775,0,0,0,0,B
2015-08-17,21:04:01,2061.0,24,97074,18,2061.0,1337,0,0,0,0,2062.0,2772,0,0,0,0,S
2015-08-17,21:04:01,2061.0,76,97150,-58,2061.0,1353,0,0,0,0,2062.0,2773,0,0,0,0,S
2015-08-17,21:04:02,2061.0,2,97152,-2,2061.0,1410,0,0,0,0,2062.0,2773,0,0,0,0,S
2015-08-17,21:04:02,2062.0,10,97162,-2,2061.0,1409,0,0,0,0,2062.0,2793,0,0,0,0,B
2015-08-17,21:04:03,2062.0,42,97204,0,2061.0,1396,0,0,0,0,2062.0,2783,0,0,0,0,B
2015-08-17,21:04:04,2062.0,20,97224,-10,2061.0,1397,0,0,0,0,2062.0,2776,0,0,0,0,B
2015-08-17,21:04:05,2061.0,22,97246,2,2061.0,1453,0,0,0,0,2062.0,2777,0,0,0,0,S
2015-08-17,21:04:05,2061.0,14,97260,-6,2061.0,1452,0,0,0,0,2062.0,2776,0,0,0,0,S
2015-08-17,21:04:06,2062.0,8,97268,-2,2061.0,1451,0,0,0,0,2062.0,2720,0,0,0,0,B
2015-08-17,21:04:06,2061.0,10,97278,10,2061.0,1446,0,0,0,0,2062.0,2720,0,0,0,0,S
2015-08-17,21:04:07,2062.0,2,97280,-2,2061.0,1446,0,0,0,0,2062.0,2719,0,0,0,0,B
2015-08-17,21:04:08,2062.0,414,97694,308,2061.0,1455,0,0,0,0,2062.0,2518,0,0,0,0,B
2015-08-17,21:04:08,2061.0,804,98498,-362,2061.0,1643,0,0,0,0,2062.0,2506,0,0,0,0,S
2015-08-17,21:04:09,2061.0,6,98504,0,2061.0,1643,0,0,0,0,2062.0,2507,0,0,0,0,S
2015-08-17,21:04:09,2062.0,2,98506,-2,2061.0,1573,0,0,0,0,2062.0,2504,0,0,0,0,B
2015-08-17,21:04:10,2061.0,14,98520,-4,2061.0,1571,0,0,0,0,2062.0,2521,0,0,0,0,S
2015-08-17,21:04:10,2061.0,8,98528,-8,2061.0,1567,0,0,0,0,2062.0,2536,0,0,0,0,S
2015-08-17,21:04:11,2061.0,60,98588,38,2061.0,1737,0,0,0,0,2062.0,2541,0,0,0,0,S
2015-08-17,21:04:12,2061.0,4,98592,4,2061.0,1738,0,0,0,0,2062.0,2545,0,0,0,0,S
2015-08-17,21:04:12,2062.0,40,98632,-2,2061.0,1730,0,0,0,0,2062.0,2535,0,0,0,0,B
2015-08-17,21:04:13,2061.0,4,98636,0,2061.0,1735,0,0,0,0,2062.0,2541,0,0,0,0,S
2015-08-17,21:04:14,2061.0,2,98638,0,2061.0,1734,0,0,0,0,2062.0,2544,0,0,0,0,S
2015-08-17,21:04:14,2061.0,20,98658,2,2061.0,1781,0,0,0,0,2062.0,2541,0,0,0,0,S
2015-08-17,21:04:15,2061.0,1000,99658,800,2061.0,1301,0,0,0,0,2062.0,2542,0,0,0,0,S
2015-08-17,21:04:15,2062.0,10,99668,0,2061.0,1200,0,0,0,0,2062.0,2587,0,0,0,0,B
2015-08-17,21:04:16,2061.0,12,99680,12,2061.0,1194,0,0,0,0,2062.0,2588,0,0,0,0,S
2015-08-17,21:04:16,2061.0,124,99804,22,2061.0,1133,0,0,0,0,2062.0,2590,0,0,0,0,S
2015-08-17,21:04:17,2062.0,4,99808,2,2061.0,1133,0,0,0,0,2062.0,2589,0,0,0,0,B
2015-08-17,21:04:17,2061.0,22,99830,0,2061.0,1124,0,0,0,0,2062.0,2612,0,0,0,0,S
2015-08-17,21:04:18,2061.0,8,99838,4,2061.0,1120,0,0,0,0,2062.0,2612,0,0,0,0,S
2015-08-17,21:04:18,2061.0,4,99842,4,2061.0,1118,0,0,0,0,2062.0,2613,0,0,0,0,S
2015-08-17,21:04:19,2061.0,2,99844,2,2061.0,1116,0,0,0,0,2062.0,2610,0,0,0,0,S
2015-08-17,21:04:19,2061.0,4,99848,4,2061.0,1094,0,0,0,0,2062.0,2622,0,0,0,0,S
2015-08-17,21:04:20,2061.0,4,99852,4,2061.0,1093,0,0,0,0,2062.0,2623,0,0,0,0,S
2015-08-17,21:04:20,2061.0,2,99854,2,2061.0,1094,0,0,0,0,2062.0,2623,0,0,0,0,S
2015-08-17,21:04:21,2061.0,42,99896,22,2061.0,1077,0,0,0,0,2062.0,2622,0,0,0,0,S
2015-08-17,21:04:21,2061.0,4,99900,0,2061.0,1081,0,0,0,0,2062.0,2622,0,0,0,0,S
2015-08-17,21:04:22,2061.0,4,99904,0,2061.0,1080,0,0,0,0,2062.0,2622,0,0,0,0,S
2015-08-17,21:04:22,2061.0,2,99906,0,2061.0,1079,0,0,0,0,2062.0,2623,0,0,0,0,S
2015-08-17,21:04:23,2061.0,202,100108,32,2061.0,979,0,0,0,0,2062.0,2623,0,0,0,0,S
2015-08-17,21:04:23,2062.0,2,100110,0,2061.0,980,0,0,0,0,2062.0,2624,0,0,0,0,B
2015-08-17,21:04:24,2061.0,168,100278,102,2061.0,1055,0,0,0,0,2062.0,2518,0,0,0,0,S
2015-08-17,21:04:24,2061.0,22,100300,18,2061.0,1073,0,0,0,0,2062.0,2537,0,0,0,0,S
2015-08-17,21:04:25,2061.0,94,100394,44,2061.0,1031,0,0,0,0,2062.0,2545,0,0,0,0,S
2015-08-17,21:04:25,2061.0,446,100840,172,2061.0,1107,0,0,0,0,2062.0,2545,0,0,0,0,S
2015-08-17,21:04:26,2061.0,14,100854,-12,2061.0,1108,0,0,0,0,2062.0,2525,0,0,0,0,S
2015-08-17,21:04:26,2061.0,28,100882,-6,2061.0,1098,0,0,0,0,2062.0,2525,0,0,0,0,S
2015-08-17,21:04:27,2061.0,20,100902,0,2061.0,1090,0,0,0,0,2062.0,2526,0,0,0,0,S
2015-08-17,21:04:27,2061.0,24,100926,-2,2061.0,815,0,0,0,0,2062.0,2526,0,0,0,0,S
2015-08-17,21:04:28,2061.0,24,100950,0,2061.0,793,0,0,0,0,2062.0,2475,0,0,0,0,S
2015-08-17,21:04:29,2062.0,54,101004,-8,2061.0,793,0,0,0,0,2062.0,2475,0,0,0,0,B
2015-08-17,21:04:29,2061.0,30,101034,-10,2061.0,779,0,0,0,0,2062.0,2480,0,0,0,0,S
2015-08-17,21:04:30,2061.0,10,101044,-8,2061.0,779,0,0,0,0,2062.0,2524,0,0,0,0,S
2015-08-17,21:04:30,2062.0,38,101082,36,2061.0,780,0,0,0,0,2062.0,2426,0,0,0,0,B
2015-08-17,21:04:31,2062.0,4,101086,0,2061.0,796,0,0,0,0,2062.0,2362,0,0,0,0,B
2015-08-17,21:04:31,2061.0,4,101090,-2,2061.0,794,0,0,0,0,2062.0,2363,0,0,0,0,S
2015-08-17,21:04:32,2061.0,22,101112,-2,2061.0,783,0,0,0,0,2062.0,2363,0,0,0,0,S
2015-08-17,21:04:32,2061.0,32,101144,-12,2061.0,785,0,0,0,0,2062.0,2374,0,0,0,0,S
2015-08-17,21:04:33,2061.0,50,101194,-4,2061.0,762,0,0,0,0,2062.0,2373,0,0,0,0,S
2015-08-17,21:04:33,2061.0,1526,102720,224,2060.0,3403,0,0,0,0,2061.0,581,0,0,0,0,S
2015-08-17,21:04:34,2061.0,126,102846,-6,2060.0,3268,0,0,0,0,2061.0,549,0,0,0,0,S
2015-08-17,21:04:34,2061.0,1006,103852,-392,2060.0,3274,0,0,0,0,2061.0,98,0,0,0,0,S
2015-08-17,21:04:35,2061.0,220,104072,-26,2061.0,1074,0,0,0,0,2062.0,2526,0,0,0,0,S
2015-08-17,21:04:35,2061.0,6,104078,0,2061.0,1081,0,0,0,0,2062.0,2377,0,0,0,0,S
2015-08-17,21:04:36,2061.0,602,104680,602,2061.0,851,0,0,0,0,2062.0,2377,0,0,0,0,S
2015-08-17,21:04:36,2061.0,4,104684,2,2061.0,856,0,0,0,0,2062.0,2385,0,0,0,0,S
2015-08-17,21:04:37,2061.0,6,104690,6,2061.0,856,0,0,0,0,2062.0,2390,0,0,0,0,S
2015-08-17,21:04:38,2061.0,12,104702,10,2061.0,853,0,0,0,0,2062.0,2395,0,0,0,0,S
2015-08-17,21:04:39,2062.0,28,104730,28,2061.0,854,0,0,0,0,2062.0,2381,0,0,0,0,B
2015-08-17,21:04:39,2061.0,22,104752,20,2061.0,858,0,0,0,0,2062.0,2382,0,0,0,0,S
2015-08-17,21:04:40,2061.0,18,104770,18,2061.0,855,0,0,0,0,2062.0,2477,0,0,0,0,S
2015-08-17,21:04:40,2061.0,168,104938,162,2061.0,873,0,0,0,0,2062.0,2478,0,0,0,0,S
2015-08-17,21:04:41,2061.0,62,105000,24,2061.0,855,0,0,0,0,2062.0,2485,0,0,0,0,S
2015-08-17,21:04:41,2061.0,64,105064,62,2061.0,829,0,0,0,0,2062.0,2485,0,0,0,0,S
2015-08-17,21:04:42,2061.0,16,105080,16,2061.0,821,0,0,0,0,2062.0,2485,0,0,0,0,S
2015-08-17,21:04:42,2062.0,32,105112,20,2061.0,823,0,0,0,0,2062.0,2479,0,0,0,0,B
2015-08-17,21:04:43,2061.0,6,105118,6,2061.0,823,0,0,0,0,2062.0,2481,0,0,0,0,S
2015-08-17,21:04:43,2061.0,226,105344,126,2061.0,711,0,0,0,0,2062.0,2482,0,0,0,0,S
2015-08-17,21:04:44,2061.0,46,105390,42,2061.0,690,0,0,0,0,2062.0,2480,0,0,0,0,S
2015-08-17,21:04:44,2062.0,6,105396,2,2061.0,713,0,0,0,0,2062.0,2477,0,0,0,0,B
2015-08-17,21:04:45,2061.0,28,105424,26,2061.0,723,0,0,0,0,2062.0,2484,0,0,0,0,S
2015-08-17,21:04:45,2061.0,14,105438,8,2061.0,723,0,0,0,0,2062.0,2482,0,0,0,0,S
2015-08-17,21:04:46,2061.0,74,105512,24,2061.0,686,0,0,0,0,2062.0,2482,0,0,0,0,S
2015-08-17,21:04:46,2062.0,10,105522,0,2061.0,687,0,0,0,0,2062.0,2479,0,0,0,0,B
2015-08-17,21:04:47,2062.0,10,105532,0,2061.0,734,0,0,0,0,2062.0,2476,0,0,0,0,B
2015-08-17,21:04:47,2061.0,44,105576,44,2061.0,735,0,0,0,0,2062.0,2482,0,0,0,0,S
2015-08-17,21:04:48,2061.0,2,105578,2,2061.0,737,0,0,0,0,2062.0,2497,0,0,0,0,S
2015-08-17,21:04:49,2062.0,42,105620,-40,2061.0,892,0,0,0,0,2062.0,2489,0,0,0,0,B
2015-08-17,21:04:50,2061.0,8,105628,8,2061.0,890,0,0,0,0,2062.0,2489,0,0,0,0,S
2015-08-17,21:04:50,2062.0,2,105630,-2,2061.0,890,0,0,0,0,2062.0,2494,0,0,0,0,B
2015-08-17,21:04:52,2062.0,46,105676,-22,2061.0,879,0,0,0,0,2062.0,2487,0,0,0,0,B
2015-08-17,21:04:53,2061.0,4,105680,4,2061.0,881,0,0,0,0,2062.0,2487,0,0,0,0,S
2015-08-17,21:04:53,2061.0,208,105888,0,2061.0,777,0,0,0,0,2062.0,2487,0,0,0,0,S
2015-08-17,21:04:54,2062.0,4,105892,0,2061.0,777,0,0,0,0,2062.0,2485,0,0,0,0,B
2015-08-17,21:04:54,2061.0,1420,107312,-34,2061.0,67,0,0,0,0,2062.0,2535,0,0,0,0,S
2015-08-17,21:04:55,2061.0,68,107380,28,2061.0,37,0,0,0,0,2062.0,2537,0,0,0,0,S
2015-08-17,21:04:55,2061.0,78,107458,-10,2060.0,3770,0,0,0,0,2061.0,809,0,0,0,0,S
2015-08-17,21:04:56,2061.0,6,107464,-6,2060.0,3625,0,0,0,0,2061.0,1414,0,0,0,0,S
2015-08-17,21:04:56,2061.0,30,107494,-20,2060.0,3622,0,0,0,0,2061.0,1422,0,0,0,0,S
2015-08-17,21:04:57,2061.0,6,107500,-2,2060.0,3623,0,0,0,0,2061.0,1439,0,0,0,0,S
2015-08-17,21:04:57,2061.0,140,107640,-8,2060.0,3487,0,0,0,0,2061.0,1413,0,0,0,0,S
2015-08-17,21:04:58,2061.0,6,107646,-2,2060.0,3501,0,0,0,0,2061.0,1471,0,0,0,0,S
2015-08-17,21:04:59,2061.0,4,107650,-2,2060.0,3504,0,0,0,0,2061.0,1469,0,0,0,0,S
2015-08-17,21:04:59,2061.0,4,107654,0,2060.0,3508,0,0,0,0,2061.0,1472,0,0,0,0,S
2015-08-17,21:05:00,2061.0,12,107666,0,2060.0,3608,0,0,0,0,2061.0,1497,0,0,0,0,S
2015-08-17,21:05:00,2061.0,156,107822,-154,2060.0,3612,0,0,0,0,2061.0,1370,0,0,0,0,S
2015-08-17,21:05:01,2061.0,12,107834,-8,2060.0,3606,0,0,0,0,2061.0,1365,0,0,0,0,S
2015-08-17,21:05:01,2061.0,32,107866,-8,2060.0,3607,0,0,0,0,2061.0,1352,0,0,0,0,S
2015-08-17,21:05:02,2060.0,8,107874,6,2060.0,3604,0,0,0,0,2061.0,1359,0,0,0,0,S
2015-08-17,21:05:02,2061.0,168,108042,88,2060.0,3526,0,0,0,0,2061.0,1354,0,0,0,0,B
2015-08-17,21:05:03,2061.0,4,108046,0,2060.0,3535,0,0,0,0,2061.0,1368,0,0,0,0,B
2015-08-17,21:05:04,2060.0,4,108050,2,2060.0,3636,0,0,0,0,2061.0,1371,0,0,0,0,S
2015-08-17,21:05:04,2061.0,72,108122,-48,2060.0,3632,0,0,0,0,2061.0,1436,0,0,0,0,B
2015-08-17,21:05:05,2061.0,2,108124,0,2060.0,3632,0,0,0,0,2061.0,1437,0,0,0,0,B
2015-08-17,21:05:05,2061.0,2,108126,-2,2060.0,3633,0,0,0,0,2061.0,1443,0,0,0,0,B
2015-08-17,21:05:06,2061.0,6,108132,4,2060.0,3631,0,0,0,0,2061.0,1488,0,0,0,0,B
2015-08-17,21:05:06,2060.0,6,108138,6,2060.0,3633,0,0,0,0,2061.0,1488,0,0,0,0,S
2015-08-17,21:05:07,2061.0,16,108154,0,2060.0,3638,0,0,0,0,2061.0,1491,0,0,0,0,B
2015-08-17,21:05:07,2060.0,202,108356,198,2060.0,3637,0,0,0,0,2061.0,1492,0,0,0,0,S
2015-08-17,21:05:08,2061.0,2,108358,0,2060.0,3633,0,0,0,0,2061.0,1494,0,0,0,0,B
2015-08-17,21:05:08,2061.0,20,108378,16,2060.0,3620,0,0,0,0,2061.0,1605,0,0,0,0,B
2015-08-17,21:05:09,2060.0,102,108480,90,2060.0,3571,0,0,0,0,2061.0,1612,0,0,0,0,S
2015-08-17,21:05:09,2060.0,6,108486,4,2060.0,3564,0,0,0,0,2061.0,1632,0,0,0,0,S
2015-08-17,21:05:10,2060.0,6,108492,0,2060.0,3625,0,0,0,0,2061.0,1633,0,0,0,0,S
2015-08-17,21:05:10,2060.0,2,108494,2,2060.0,3626,0,0,0,0,2061.0,1646,0,0,0,0,S
2015-08-17,21:05:11,2061.0,6,108500,0,2060.0,3626,0,0,0,0,2061.0,1651,0,0,0,0,B
2015-08-17,21:05:11,2060.0,16,108516,6,2060.0,3623,0,0,0,0,2061.0,1652,0,0,0,0,S
2015-08-17,21:05:12,2060.0,4,108520,-2,2060.0,3622,0,0,0,0,2061.0,1653,0,0,0,0,S
2015-08-17,21:05:12,2060.0,6,108526,2,2060.0,3652,0,0,0,0,2061.0,1658,0,0,0,0,S
2015-08-17,21:05:13,2060.0,14,108540,14,2060.0,3641,0,0,0,0,2061.0,1658,0,0,0,0,S
2015-08-17,21:05:13,2060.0,12,108552,4,2060.0,3642,0,0,0,0,2061.0,1657,0,0,0,0,S
2015-08-17,21:05:14,2061.0,2,108554,0,2060.0,3662,0,0,0,0,2061.0,1655,0,0,0,0,B
2015-08-17,21:05:14,2061.0,28,108582,4,2060.0,3662,0,0,0,0,2061.0,1673,0,0,0,0,B
2015-08-17,21:05:15,2061.0,22,108604,0,2060.0,3658,0,0,0,0,2061.0,1672,0,0,0,0,B
2015-08-17,21:05:15,2060.0,12,108616,2,2060.0,3653,0,0,0,0,2061.0,1673,0,0,0,0,S
2015-08-17,21:05:16,2061.0,16,108632,-10,2060.0,3655,0,0,0,0,2061.0,1666,0,0,0,0,B
2015-08-17,21:05:16,2061.0,4,108636,0,2060.0,3655,0,0,0,0,2061.0,1669,0,0,0,0,B
2015-08-17,21:05:17,2061.0,6,108642,0,2060.0,3644,0,0,0,0,2061.0,1666,0,0,0,0,B
2015-08-17,21:05:17,2061.0,8,108650,0,2060.0,3645,0,0,0,0,2061.0,1666,0,0,0,0,B
2015-08-17,21:05:18,2061.0,6,108656,0,2060.0,3646,0,0,0,0,2061.0,1666,0,0,0,0,B
2015-08-17,21:05:18,2060.0,4,108660,4,2060.0,3649,0,0,0,0,2061.0,1667,0,0,0,0,S
2015-08-17,21:05:19,2060.0,4,108664,2,2060.0,3654,0,0,0,0,2061.0,1671,0,0,0,0,S
2015-08-17,21:05:20,2061.0,4,108668,0,2060.0,3654,0,0,0,0,2061.0,1709,0,0,0,0,B
2015-08-17,21:05:20,2061.0,4,108672,0,2060.0,3160,0,0,0,0,2061.0,1709,0,0,0,0,B
2015-08-17,21:05:21,2061.0,24,108696,4,2060.0,3157,0,0,0,0,2061.0,1699,0,0,0,0,B
2015-08-17,21:05:21,2061.0,2,108698,0,2060.0,3067,0,0,0,0,2061.0,1698,0,0,0,0,B
2015-08-17,21:05:22,2061.0,4,108702,0,2060.0,3068,0,0,0,0,2061.0,1697,0,0,0,0,B
2015-08-17,21:05:22,2061.0,34,108736,10,2060.0,3070,0,0,0,0,2061.0,1695,0,0,0,0,B
2015-08-17,21:05:23,2061.0,2,108738,2,2060.0,3070,0,0,0,0,2061.0,1694,0,0,0,0,B
2015-08-17,21:05:23,2061.0,4,108742,4,2060.0,3070,0,0,0,0,2061.0,1692,0,0,0,0,B
2015-08-17,21:05:24,2060.0,2,108744,2,2060.0,3069,0,0,0,0,2061.0,1693,0,0,0,0,S
2015-08-17,21:05:24,2060.0,72,108816,-2,2060.0,3036,0,0,0,0,2061.0,1706,0,0,0,0,S
2015-08-17,21:05:25,2060.0,6,108822,0,2060.0,3039,0,0,0,0,2061.0,1706,0,0,0,0,S
2015-08-17,21:05:26,2060.0,70,108892,58,2060.0,3012,0,0,0,0,2061.0,1706,0,0,0,0,S
2015-08-17,21:05:26,2060.0,4,108896,0,2060.0,3011,0,0,0,0,2061.0,1706,0,0,0,0,S
2015-08-17,21:05:27,2061.0,6,108902,4,2060.0,3011,0,0,0,0,2061.0,1704,0,0,0,0,B
2015-08-17,21:05:28,2061.0,2,108904,2,2060.0,3011,0,0,0,0,2061.0,1709,0,0,0,0,B
2015-08-17,21:05:28,2060.0,40,108944,0,2060.0,2990,0,0,0,0,2061.0,1709,0,0,0,0,S
2015-08-17,21:05:29,2060.0,6,108950,4,2060.0,2979,0,0,0,0,2061.0,1708,0,0,0,0,S
2015-08-17,21:05:29,2060.0,10,108960,4,2060.0,2976,0,0,0,0,2061.0,1707,0,0,0,0,S
2015-08-17,21:05:30,2060.0,1002,109962,364,2060.0,2475,0,0,0,0,2061.0,1708,0,0,0,0,S
2015-08-17,21:05:30,2060.0,450,110412,262,2060.0,2440,0,0,0,0,2061.0,1710,0,0,0,0,S
2015-08-17,21:05:31,2060.0,14,110426,14,2060.0,2397,0,0,0,0,2061.0,1710,0,0,0,0,S
2015-08-17,21:05:31,2060.0,90,110516,-12,2060.0,2352,0,0,0,0,2061.0,1710,0,0,0,0,S
2015-08-17,21:05:32,2061.0,22,110538,18,2060.0,2342,0,0,0,0,2061.0,1709,0,0,0,0,B
2015-08-17,21:05:32,2060.0,38,110576,22,2060.0,2324,0,0,0,0,2061.0,1714,0,0,0,0,S
2015-08-17,21:05:33,2060.0,246,110822,114,2060.0,2207,0,0,0,0,2061.0,1741,0,0,0,0,S
2015-08-17,21:05:33,2060.0,18,110840,4,2060.0,2195,0,0,0,0,2061.0,1741,0,0,0,0,S
2015-08-17,21:05:34,2060.0,16,110856,-2,2060.0,2182,0,0,0,0,2061.0,1742,0,0,0,0,S
2015-08-17,21:05:34,2060.0,248,111104,-202,2060.0,2058,0,0,0,0,2061.0,1746,0,0,0,0,S
2015-08-17,21:05:35,2060.0,2,111106,-2,2060.0,2057,0,0,0,0,2061.0,1746,0,0,0,0,S
2015-08-17,21:05:35,2060.0,388,111494,22,2060.0,1876,0,0,0,0,2061.0,1737,0,0,0,0,S
2015-08-17,21:05:36,2060.0,12,111506,-6,2060.0,1871,0,0,0,0,2061.0,1787,0,0,0,0,S
2015-08-17,21:05:36,2060.0,508,112014,-382,2060.0,1632,0,0,0,0,2061.0,1787,0,0,0,0,S
2015-08-17,21:05:37,2060.0,424,112438,358,2060.0,1421,0,0,0,0,2061.0,1809,0,0,0,0,S
2015-08-17,21:05:37,2060.0,2042,114480,554,2059.0,3096,0,0,0,0,2060.0,650,0,0,0,0,S
2015-08-17,21:05:38,2060.0,8,114488,8,2059.0,3053,0,0,0,0,2060.0,1274,0,0,0,0,S
2015-08-17,21:05:38,2060.0,1856,116344,-358,2060.0,1162,0,0,0,0,2061.0,1853,0,0,0,0,S
2015-08-17,21:05:39,2060.0,8,116352,0,2060.0,1766,0,0,0,0,2061.0,1776,0,0,0,0,S
2015-08-17,21:05:39,2060.0,4,116356,-2,2060.0,1793,0,0,0,0,2061.0,1773,0,0,0,0,S
2015-08-17,21:05:40,2060.0,8,116364,0,2060.0,1947,0,0,0,0,2061.0,1776,0,0,0,0,S
2015-08-17,21:05:40,2060.0,26,116390,0,2060.0,1934,0,0,0,0,2061.0,1786,0,0,0,0,S
2015-08-17,21:05:41,2060.0,208,116598,-200,2060.0,1830,0,0,0,0,2061.0,1777,0,0,0,0,S
2015-08-17,21:05:41,2060.0,74,116672,0,2060.0,1812,0,0,0,0,2061.0,1806,0,0,0,0,S
2015-08-17,21:05:42,2060.0,10,116682,-4,2060.0,1808,0,0,0,0,2061.0,1808,0,0,0,0,S
2015-08-17,21:05:42,2060.0,40,116722,-24,2060.0,1791,0,0,0,0,2061.0,1809,0,0,0,0,S
2015-08-17,21:05:43,2060.0,72,116794,0,2060.0,1836,0,0,0,0,2061.0,1819,0,0,0,0,S
2015-08-17,21:05:43,2061.0,16,116810,-8,2060.0,1854,0,0,0,0,2061.0,1818,0,0,0,0,B
2015-08-17,21:05:44,2060.0,6,116816,0,2060.0,1852,0,0,0,0,2061.0,1820,0,0,0,0,S
2015-08-17,21:05:44,2060.0,14,116830,-14,2060.0,1854,0,0,0,0,2061.0,1821,0,0,0,0,S
2015-08-17,21:05:45,2060.0,4,116834,0,2060.0,1908,0,0,0,0,2061.0,1782,0,0,0,0,S
2015-08-17,21:05:45,2060.0,40,116874,4,2060.0,1903,0,0,0,0,2061.0,1772,0,0,0,0,S
2015-08-17,21:05:46,2060.0,14,116888,8,2060.0,1900,0,0,0,0,2061.0,1768,0,0,0,0,S
2015-08-17,21:05:46,2060.0,26,116914,0,2060.0,1893,0,0,0,0,2061.0,1764,0,0,0,0,S
2015-08-17,21:05:47,2060.0,6,116920,0,2060.0,1890,0,0,0,0,2061.0,1794,0,0,0,0,S
2015-08-17,21:05:47,2060.0,24,116944,-20,2060.0,1880,0,0,0,0,2061.0,2717,0,0,0,0,S
2015-08-17,21:05:48,2060.0,50,116994,24,2060.0,1869,0,0,0,0,2061.0,2713,0,0,0,0,S
2015-08-17,21:05:48,2060.0,4,116998,0,2060.0,1869,0,0,0,0,2061.0,2718,0,0,0,0,S
2015-08-17,21:05:49,2060.0,4,117002,0,2060.0,1868,0,0,0,0,2061.0,2718,0,0,0,0,S
2015-08-17,21:05:50,2060.0,6,117008,0,2060.0,2070,0,0,0,0,2061.0,2753,0,0,0,0,S
2015-08-17,21:05:50,2060.0,4,117012,0,2060.0,2068,0,0,0,0,2061.0,2753,0,0,0,0,S
2015-08-17,21:05:51,2060.0,4,117016,0,2060.0,2070,0,0,0,0,2061.0,2758,0,0,0,0,S
2015-08-17,21:05:51,2061.0,6,117022,0,2060.0,2076,0,0,0,0,2061.0,2755,0,0,0,0,B
2015-08-17,21:05:52,2060.0,204,117226,-200,2060.0,1981,0,0,0,0,2061.0,2761,0,0,0,0,S
2015-08-17,21:05:52,2060.0,8,117234,-4,2060.0,1993,0,0,0,0,2061.0,2761,0,0,0,0,S
2015-08-17,21:05:53,2061.0,2,117236,2,2060.0,1995,0,0,0,0,2061.0,2760,0,0,0,0,B
2015-08-17,21:05:53,2061.0,2,117238,0,2060.0,2006,0,0,0,0,2061.0,2758,0,0,0,0,B
2015-08-17,21:05:54,2060.0,16,117254,-10,2060.0,2002,0,0,0,0,2061.0,2757,0,0,0,0,S
2015-08-17,21:05:54,2061.0,4,117258,0,2060.0,2005,0,0,0,0,2061.0,2783,0,0,0,0,B
2015-08-17,21:05:55,2060.0,392,117650,0,2060.0,1845,0,0,0,0,2061.0,2747,0,0,0,0,S
2015-08-17,21:05:56,2060.0,44,117694,0,2060.0,1834,0,0,0,0,2061.0,2750,0,0,0,0,S
2015-08-17,21:05:57,2060.0,8,117702,-6,2060.0,1834,0,0,0,0,2061.0,2755,0,0,0,0,S
2015-08-17,21:05:57,2060.0,2,117704,0,2060.0,1834,0,0,0,0,2061.0,2755,0,0,0,0,S
2015-08-17,21:05:58,2061.0,4,117708,4,2060.0,1835,0,0,0,0,2061.0,2754,0,0,0,0,B
2015-08-17,21:05:58,2060.0,20,117728,-16,2060.0,1824,0,0,0,0,2061.0,2724,0,0,0,0,S
2015-08-17,21:05:59,2060.0,12,117740,0,2060.0,1829,0,0,0,0,2061.0,2725,0,0,0,0,S
2015-08-17,21:05:59,2060.0,4,117744,-4,2060.0,1821,0,0,0,0,2061.0,2725,0,0,0,0,S
2015-08-17,21:06:00,2060.0,34,117778,-10,2060.0,1804,0,0,0,0,2061.0,2725,0,0,0,0,S
2015-08-17,21:06:00,2060.0,974,118752,-450,2060.0,1318,0,0,0,0,2061.0,2727,0,0,0,0,S
2015-08-17,21:06:01,2060.0,94,118846,6,2060.0,1260,0,0,0,0,2061.0,2723,0,0,0,0,S
2015-08-17,21:06:02,2060.0,2298,121144,1132,2059.0,3741,0,0,0,0,2060.0,765,0,0,0,0,S
2015-08-17,21:06:02,2060.0,676,121820,474,2059.0,3717,0,0,0,0,2060.0,463,0,0,0,0,S
2015-08-17,21:06:03,2060.0,1126,122946,330,2060.0,971,0,0,0,0,2061.0,2252,0,0,0,0,S
2015-08-17,21:06:03,2060.0,38,122984,38,2060.0,1146,0,0,0,0,2061.0,2148,0,0,0,0,S
2015-08-17,21:06:04,2060.0,12,122996,12,2060.0,1754,0,0,0,0,2061.0,2149,0,0,0,0,S
2015-08-17,21:06:04,2060.0,6,123002,2,2060.0,2053,0,0,0,0,2061.0,2146,0,0,0,0,S
2015-08-17,21:06:05,2060.0,6,123008,6,2060.0,2056,0,0,0,0,2061.0,2140,0,0,0,0,S
2015-08-17,21:06:06,2060.0,34,123042,12,2060.0,2051,0,0,0,0,2061.0,2390,0,0,0,0,S
2015-08-17,21:06:06,2060.0,22,123064,22,2060.0,2057,0,0,0,0,2061.0,2391,0,0,0,0,S
2015-08-17,21:06:07,2060.0,10,123074,6,2060.0,2060,0,0,0,0,2061.0,2389,0,0,0,0,S
2015-08-17,21:06:07,2060.0,4,123078,4,2060.0,2058,0,0,0,0,2061.0,2389,0,0,0,0,S
2015-08-17,21:06:08,2060.0,4,123082,0,2060.0,2061,0,0,0,0,2061.0,2392,0,0,0,0,S
2015-08-17,21:06:09,2060.0,6,123088,6,2060.0,2059,0,0,0,0,2061.0,2392,0,0,0,0,S
2015-08-17,21:06:10,2060.0,2,123090,2,2060.0,2059,0,0,0,0,2061.0,2390,0,0,0,0,S
2015-08-17,21:06:11,2060.0,2,123092,0,2060.0,2283,0,0,0,0,2061.0,2396,0,0,0,0,S
2015-08-17,21:06:12,2060.0,2,123094,0,2060.0,2334,0,0,0,0,2061.0,2399,0,0,0,0,S
2015-08-17,21:06:13,2060.0,46,123140,40,2060.0,2312,0,0,0,0,2061.0,2208,0,0,0,0,S
2015-08-17,21:06:13,2060.0,12,123152,0,2060.0,2312,0,0,0,0,2061.0,2243,0,0,0,0,S
2015-08-17,21:06:14,2060.0,8,123160,6,2060.0,2313,0,0,0,0,2061.0,2245,0,0,0,0,S
2015-08-17,21:06:14,2060.0,2,123162,2,2060.0,2312,0,0,0,0,2061.0,2245,0,0,0,0,S
2015-08-17,21:06:15,2060.0,4,123166,4,2060.0,2310,0,0,0,0,2061.0,2247,0,0,0,0,S
2015-08-17,21:06:15,2060.0,2,123168,2,2060.0,2339,0,0,0,0,2061.0,2248,0,0,0,0,S
2015-08-17,21:06:16,2061.0,3254,126422,380,2061.0,1431,0,0,0,0,2062.0,2640,0,0,0,0,B
2015-08-17,21:06:16,2061.0,130,126552,74,2061.0,848,0,0,0,0,2062.0,2382,0,0,0,0,B
2015-08-17,21:06:17,2061.0,44,126596,4,2061.0,829,0,0,0,0,2062.0,2380,0,0,0,0,B
2015-08-17,21:06:17,2061.0,6,126602,0,2061.0,977,0,0,0,0,2062.0,2380,0,0,0,0,B
2015-08-17,21:06:18,2061.0,22,126624,10,2061.0,983,0,0,0,0,2062.0,2372,0,0,0,0,B
2015-08-17,21:06:18,2061.0,12,126636,10,2061.0,1209,0,0,0,0,2062.0,2371,0,0,0,0,B
2015-08-17,21:06:19,2062.0,152,126788,-6,2061.0,1147,0,0,0,0,2062.0,2366,0,0,0,0,B
2015-08-17,21:06:19,2061.0,6,126794,6,2061.0,1144,0,0,0,0,2062.0,2366,0,0,0,0,S
2015-08-17,21:06:20,2061.0,2292,129086,-218,2060.0,2562,0,0,0,0,2061.0,480,0,0,0,0,S
2015-08-17,21:06:20,2061.0,10,129096,4,2060.0,2541,0,0,0,0,2061.0,1254,0,0,0,0,S
2015-08-17,21:06:21,2061.0,8,129104,0,2060.0,2473,0,0,0,0,2061.0,1266,0,0,0,0,S
2015-08-17,21:06:21,2060.0,40,129144,-8,2060.0,2453,0,0,0,0,2061.0,1286,0,0,0,0,S
2015-08-17,21:06:22,2061.0,12,129156,-2,2060.0,2465,0,0,0,0,2061.0,1283,0,0,0,0,B
2015-08-17,21:06:22,2061.0,54,129210,0,2060.0,2468,0,0,0,0,2061.0,1257,0,0,0,0,B
2015-08-17,21:06:23,2061.0,2,129212,0,2060.0,2486,0,0,0,0,2061.0,1257,0,0,0,0,B
2015-08-17,21:06:23,2061.0,66,129278,0,2060.0,2487,0,0,0,0,2061.0,1224,0,0,0,0,B
2015-08-17,21:06:24,2061.0,2,129280,-2,2060.0,2501,0,0,0,0,2061.0,1136,0,0,0,0,B
2015-08-17,21:06:25,2061.0,106,129386,-100,2060.0,2506,0,0,0,0,2061.0,1084,0,0,0,0,B
2015-08-17,21:06:25,2061.0,202,129588,-110,2060.0,2507,0,0,0,0,2061.0,982,0,0,0,0,B
2015-08-17,21:06:26,2061.0,1208,130796,498,2061.0,898,0,0,0,0,2062.0,2669,0,0,0,0,B
2015-08-17,21:06:26,2061.0,6,130802,0,2061.0,931,0,0,0,0,2062.0,2471,0,0,0,0,B
2015-08-17,21:06:28,2062.0,2,130804,0,2061.0,936,0,0,0,0,2062.0,2473,0,0,0,0,B
2015-08-17,21:06:28,2062.0,56,130860,0,2061.0,936,0,0,0,0,2062.0,2447,0,0,0,0,B
2015-08-17,21:06:30,2061.0,122,130982,100,2061.0,1508,0,0,0,0,2062.0,2342,0,0,0,0,S
2015-08-17,21:06:30,2061.0,4,130986,2,2061.0,1521,0,0,0,0,2062.0,2351,0,0,0,0,S
2015-08-17,21:06:31,2061.0,24,131010,2,2061.0,1512,0,0,0,0,2062.0,2349,0,0,0,0,S
2015-08-17,21:06:31,2062.0,6,131016,-2,2061.0,1516,0,0,0,0,2062.0,2348,0,0,0,0,B
2015-08-17,21:06:32,2062.0,100,131116,58,2061.0,1536,0,0,0,0,2062.0,2299,0,0,0,0,B
2015-08-17,21:06:33,2061.0,6,131122,0,2061.0,1549,0,0,0,0,2062.0,2292,0,0,0,0,S
2015-08-17,21:06:34,2061.0,4,131126,4,2061.0,1591,0,0,0,0,2062.0,2292,0,0,0,0,S
2015-08-17,21:06:34,2062.0,6,131132,-2,2061.0,1627,0,0,0,0,2062.0,2415,0,0,0,0,B
2015-08-17,21:06:35,2062.0,200,131332,-144,2061.0,1649,0,0,0,0,2062.0,2319,0,0,0,0,B
2015-08-17,21:06:35,2061.0,6,131338,6,2061.0,1654,0,0,0,0,2062.0,2319,0,0,0,0,S
2015-08-17,21:06:36,2062.0,100,131438,8,2061.0,1656,0,0,0,0,2062.0,2261,0,0,0,0,B
2015-08-17,21:06:36,2062.0,8,131446,-6,2061.0,1661,0,0,0,0,2062.0,2256,0,0,0,0,B
2015-08-17,21:06:37,2062.0,8,131454,-4,2061.0,1663,0,0,0,0,2062.0,2254,0,0,0,0,B
2015-08-17,21:06:37,2062.0,2,131456,0,2061.0,1673,0,0,0,0,2062.0,2253,0,0,0,0,B
2015-08-17,21:06:38,2061.0,50,131506,34,2061.0,1676,0,0,0,0,2062.0,2254,0,0,0,0,S
2015-08-17,21:06:38,2062.0,10,131516,-2,2061.0,1673,0,0,0,0,2062.0,2253,0,0,0,0,B
2015-08-17,21:06:39,2061.0,8,131524,0,2061.0,1676,0,0,0,0,2062.0,2261,0,0,0,0,S
2015-08-17,21:06:40,2062.0,4,131528,2,2061.0,1689,0,0,0,0,2062.0,2260,0,0,0,0,B
2015-08-17,21:06:40,2061.0,8,131536,0,2061.0,1691,0,0,0,0,2062.0,2260,0,0,0,0,S
2015-08-17,21:06:41,2062.0,6,131542,0,2061.0,1707,0,0,0,0,2062.0,2257,0,0,0,0,B
2015-08-17,21:06:41,2062.0,6,131548,-2,2061.0,1707,0,0,0,0,2062.0,2254,0,0,0,0,B
2015-08-17,21:06:42,2061.0,8,131556,8,2061.0,1753,0,0,0,0,2062.0,2264,0,0,0,0,S
2015-08-17,21:06:43,2062.0,14,131570,-2,2061.0,1756,0,0,0,0,2062.0,2259,0,0,0,0,B
2015-08-17,21:06:43,2062.0,6,131576,0,2061.0,1755,0,0,0,0,2062.0,2257,0,0,0,0,B
2015-08-17,21:06:44,2062.0,202,131778,-168,2061.0,1762,0,0,0,0,2062.0,2162,0,0,0,0,B
2015-08-17,21:06:45,2062.0,2,131780,0,2061.0,1783,0,0,0,0,2062.0,2161,0,0,0,0,B
2015-08-17,21:06:45,2061.0,2,131782,2,2061.0,1784,0,0,0,0,2062.0,2161,0,0,0,0,S
2015-08-17,21:06:47,2062.0,2,131784,-2,2061.0,1823,0,0,0,0,2062.0,2155,0,0,0,0,B
2015-08-17,21:06:47,2061.0,2,131786,0,2061.0,1831,0,0,0,0,2062.0,2155,0,0,0,0,S
2015-08-17,21:06:48,2061.0,208,131994,-158,2061.0,1829,0,0,0,0,2062.0,2054,0,0,0,0,S
2015-08-17,21:06:48,2062.0,2,131996,2,2061.0,1834,0,0,0,0,2062.0,2056,0,0,0,0,B
2015-08-17,21:06:49,2061.0,30,132026,0,2061.0,1818,0,0,0,0,2062.0,2063,0,0,0,0,S
2015-08-17,21:06:51,2062.0,2,132028,0,2061.0,2185,0,0,0,0,2062.0,2063,0,0,0,0,B
2015-08-17,21:06:52,2062.0,6,132034,2,2061.0,2226,0,0,0,0,2062.0,2053,0,0,0,0,B
2015-08-17,21:06:52,2061.0,12,132046,12,2061.0,2271,0,0,0,0,2062.0,2063,0,0,0,0,S
2015-08-17,21:06:53,2062.0,24,132070,24,2061.0,2286,0,0,0,0,2062.0,2051,0,0,0,0,B
2015-08-17,21:06:53,2062.0,6,132076,4,2061.0,2386,0,0,0,0,2062.0,2058,0,0,0,0,B
2015-08-17,21:06:54,2062.0,24,132100,4,2061.0,2381,0,0,0,0,2062.0,2051,0,0,0,0,B
2015-08-17,21:06:54,2062.0,600,132700,320,2061.0,2383,0,0,0,0,2062.0,1751,0,0,0,0,B
2015-08-17,21:06:55,2062.0,1004,133704,940,2061.0,2418,0,0,0,0,2062.0,1440,0,0,0,0,B
2015-08-17,21:06:55,2062.0,274,133978,224,2061.0,2459,0,0,0,0,2062.0,1304,0,0,0,0,B
2015-08-17,21:06:56,2062.0,130,134108,122,2061.0,2542,0,0,0,0,2062.0,1315,0,0,0,0,B
2015-08-17,21:06:56,2062.0,316,134424,64,2061.0,2597,0,0,0,0,2062.0,1157,0,0,0,0,B
2015-08-17,21:06:57,2062.0,52,134476,40,2061.0,2600,0,0,0,0,2062.0,1201,0,0,0,0,B
2015-08-17,21:06:57,2062.0,10,134486,8,2061.0,2604,0,0,0,0,2062.0,1202,0,0,0,0,B
2015-08-17,21:06:58,2062.0,22,134508,20,2061.0,2605,0,0,0,0,2062.0,1191,0,0,0,0,B
2015-08-17,21:06:58,2062.0,410,134918,-46,2061.0,2600,0,0,0,0,2062.0,850,0,0,0,0,B
2015-08-17,21:06:59,2062.0,1498,136416,466,2061.0,2569,0,0,0,0,2062.0,90,0,0,0,0,B
2015-08-17,21:06:59,2063.0,186,136602,-20,2062.0,904,0,0,0,0,2063.0,4589,0,0,0,0,B
2015-08-17,21:07:00,2063.0,896,137498,518,2062.0,1279,0,0,0,0,2063.0,4731,0,0,0,0,B
2015-08-17,21:07:00,2063.0,20,137518,2,2062.0,1330,0,0,0,0,2063.0,4734,0,0,0,0,B
2015-08-17,21:07:01,2062.0,44,137562,40,2062.0,1321,0,0,0,0,2063.0,4740,0,0,0,0,S
2015-08-17,21:07:02,2063.0,2,137564,-2,2062.0,1332,0,0,0,0,2063.0,4739,0,0,0,0,B
2015-08-17,21:07:02,2062.0,666,138230,408,2062.0,1255,0,0,0,0,2063.0,4495,0,0,0,0,S
2015-08-17,21:07:03,2062.0,22,138252,20,2062.0,1245,0,0,0,0,2063.0,4016,0,0,0,0,S
2015-08-17,21:07:03,2063.0,22,138274,10,2062.0,1286,0,0,0,0,2063.0,4015,0,0,0,0,B
2015-08-17,21:07:04,2063.0,5064,143338,1466,2063.0,538,0,0,0,0,2064.0,2088,0,0,0,0,B
2015-08-17,21:07:04,2064.0,242,143580,230,2063.0,541,0,0,0,0,2064.0,2072,0,0,0,0,B
2015-08-17,21:07:05,2064.0,526,144106,10,2063.0,516,0,0,0,0,2064.0,1933,0,0,0,0,B
2015-08-17,21:07:05,2064.0,204,144310,-14,2063.0,555,0,0,0,0,2064.0,1852,0,0,0,0,B
2015-08-17,21:07:06,2063.0,228,144538,-144,2063.0,1150,0,0,0,0,2064.0,1745,0,0,0,0,S
2015-08-17,21:07:06,2064.0,16,144554,8,2063.0,1149,0,0,0,0,2064.0,1741,0,0,0,0,B
2015-08-17,21:07:07,2064.0,66,144620,58,2063.0,1130,0,0,0,0,2064.0,1750,0,0,0,0,B
2015-08-17,21:07:07,2064.0,276,144896,40,2063.0,1136,0,0,0,0,2064.0,1623,0,0,0,0,B
2015-08-17,21:07:08,2063.0,38,144934,0,2063.0,1137,0,0,0,0,2064.0,1619,0,0,0,0,S
2015-08-17,21:07:08,2064.0,4,144938,0,2063.0,1141,0,0,0,0,2064.0,1618,0,0,0,0,B
2015-08-17,21:07:09,2064.0,128,145066,-48,2063.0,1089,0,0,0,0,2064.0,1717,0,0,0,0,B
2015-08-17,21:07:09,2063.0,896,145962,492,2062.0,2557,0,0,0,0,2063.0,4031,0,0,0,0,S
2015-08-17,21:07:10,2063.0,12,145974,-2,2062.0,2557,0,0,0,0,2063.0,4046,0,0,0,0,S
2015-08-17,21:07:10,2063.0,48,146022,0,2062.0,2503,0,0,0,0,2063.0,4057,0,0,0,0,S
2015-08-17,21:07:11,2063.0,40,146062,-24,2062.0,2410,0,0,0,0,2063.0,1862,0,0,0,0,S
2015-08-17,21:07:11,2063.0,14,146076,-6,2062.0,2475,0,0,0,0,2063.0,1846,0,0,0,0,S
2015-08-17,21:07:12,2063.0,8,146084,0,2062.0,2471,0,0,0,0,2063.0,1942,0,0,0,0,S
2015-08-17,21:07:12,2063.0,18,146102,0,2062.0,2484,0,0,0,0,2063.0,2222,0,0,0,0,S
2015-08-17,21:07:13,2063.0,54,146156,-28,2062.0,2457,0,0,0,0,2063.0,2214,0,0,0,0,S
2015-08-17,21:07:13,2063.0,34,146190,4,2062.0,2466,0,0,0,0,2063.0,2201,0,0,0,0,S
2015-08-17,21:07:14,2063.0,8,146198,0,2062.0,2465,0,0,0,0,2063.0,2197,0,0,0,0,S
2015-08-17,21:07:14,2063.0,4,146202,-2,2062.0,2467,0,0,0,0,2063.0,2200,0,0,0,0,S
2015-08-17,21:07:15,2063.0,806,147008,0,2062.0,2484,0,0,0,0,2063.0,1802,0,0,0,0,S
2015-08-17,21:07:15,2063.0,12,147020,-4,2062.0,2491,0,0,0,0,2063.0,1786,0,0,0,0,S
2015-08-17,21:07:16,2063.0,214,147234,0,2062.0,2497,0,0,0,0,2063.0,1683,0,0,0,0,S
2015-08-17,21:07:16,2063.0,14,147248,0,2062.0,2524,0,0,0,0,2063.0,1708,0,0,0,0,S
2015-08-17,21:07:17,2063.0,22,147270,0,2062.0,2519,0,0,0,0,2063.0,1700,0,0,0,0,S
2015-08-17,21:07:17,2063.0,116,147386,-100,2062.0,2525,0,0,0,0,2063.0,1648,0,0,0,0,S
2015-08-17,21:07:18,2063.0,42,147428,-34,2062.0,2534,0,0,0,0,2063.0,1628,0,0,0,0,S
2015-08-17,21:07:18,2062.0,1800,149228,-822,2062.0,2534,0,0,0,0,2063.0,225,0,0,0,0,S
2015-08-17,21:07:19,2063.0,456,149684,22,2063.0,1476,0,0,0,0,2064.0,1931,0,0,0,0,B
2015-08-17,21:07:19,2063.0,350,150034,50,2063.0,1493,0,0,0,0,2064.0,2040,0,0,0,0,B
2015-08-17,21:07:20,2063.0,224,150258,-4,2063.0,1417,0,0,0,0,2064.0,2012,0,0,0,0,B
2015-08-17,21:07:20,2063.0,8,150266,6,2063.0,1441,0,0,0,0,2064.0,2012,0,0,0,0,B
2015-08-17,21:07:21,2063.0,26,150292,6,2063.0,1430,0,0,0,0,2064.0,2014,0,0,0,0,B
2015-08-17,21:07:21,2064.0,36,150328,4,2063.0,1432,0,0,0,0,2064.0,1999,0,0,0,0,B
2015-08-17,21:07:22,2064.0,16,150344,12,2063.0,1444,0,0,0,0,2064.0,2477,0,0,0,0,B
2015-08-17,21:07:22,2063.0,6,150350,2,2063.0,1343,0,0,0,0,2064.0,2492,0,0,0,0,S
2015-08-17,21:07:23,2063.0,606,150956,4,2063.0,1049,0,0,0,0,2064.0,2010,0,0,0,0,S
2015-08-17,21:07:23,2063.0,2118,153074,-704,2062.0,3424,0,0,0,0,2063.0,2396,0,0,0,0,S
2015-08-17,21:07:24,2063.0,410,153484,-6,2062.0,3329,0,0,0,0,2063.0,2330,0,0,0,0,S
2015-08-17,21:07:24,2063.0,6,153490,2,2062.0,3330,0,0,0,0,2063.0,2343,0,0,0,0,S
2015-08-17,21:07:25,2063.0,116,153606,-94,2062.0,3332,0,0,0,0,2063.0,2285,0,0,0,0,S
2015-08-17,21:07:25,2063.0,10,153616,0,2062.0,3335,0,0,0,0,2063.0,2292,0,0,0,0,S
2015-08-17,21:07:26,2063.0,80,153696,-8,2062.0,3338,0,0,0,0,2063.0,2252,0,0,0,0,S
2015-08-17,21:07:26,2062.0,22,153718,-2,2062.0,3337,0,0,0,0,2063.0,2245,0,0,0,0,S
2015-08-17,21:07:27,2063.0,42,153760,0,2062.0,3323,0,0,0,0,2063.0,2234,0,0,0,0,B
2015-08-17,21:07:27,2063.0,2,153762,-2,2062.0,4829,0,0,0,0,2063.0,2233,0,0,0,0,B
2015-08-17,21:07:28,2063.0,200,153962,-182,2062.0,4859,0,0,0,0,2063.0,2137,0,0,0,0,B
2015-08-17,21:07:28,2063.0,144,154106,-12,2062.0,5125,0,0,0,0,2063.0,2055,0,0,0,0,B
2015-08-17,21:07:29,2063.0,16,154122,2,2062.0,5129,0,0,0,0,2063.0,1831,0,0,0,0,B
2015-08-17,21:07:29,2063.0,22,154144,0,2062.0,5135,0,0,0,0,2063.0,1823,0,0,0,0,B
2015-08-17,21:07:30,2063.0,20,154164,-12,2062.0,5440,0,0,0,0,2063.0,1821,0,0,0,0,B
2015-08-17,21:07:30,2063.0,16,154180,-10,2062.0,5444,0,0,0,0,2063.0,1816,0,0,0,0,B
2015-08-17,21:07:31,2063.0,44,154224,-8,2062.0,5454,0,0,0,0,2063.0,1794,0,0,0,0,B
2015-08-17,21:07:31,2063.0,34,154258,-4,2062.0,5456,0,0,0,0,2063.0,1778,0,0,0,0,B
2015-08-17,21:07:32,2063.0,74,154332,-48,2062.0,5455,0,0,0,0,2063.0,1756,0,0,0,0,B
2015-08-17,21:07:32,2063.0,28,154360,-2,2062.0,5467,0,0,0,0,2063.0,1774,0,0,0,0,B
2015-08-17,21:07:33,2063.0,4,154364,-2,2062.0,5467,0,0,0,0,2063.0,1775,0,0,0,0,B
2015-08-17,21:07:33,2063.0,20,154384,-2,2062.0,5473,0,0,0,0,2063.0,1765,0,0,0,0,B
2015-08-17,21:07:34,2063.0,24,154408,0,2062.0,5473,0,0,0,0,2063.0,1764,0,0,0,0,B
2015-08-17,21:07:34,2063.0,24,154432,0,2062.0,5474,0,0,0,0,2063.0,1753,0,0,0,0,B
2015-08-17,21:07:35,2063.0,22,154454,0,2062.0,5474,0,0,0,0,2063.0,1747,0,0,0,0,B
2015-08-17,21:07:35,2063.0,2,154456,0,2062.0,5675,0,0,0,0,2063.0,1747,0,0,0,0,B
2015-08-17,21:07:36,2063.0,2,154458,0,2062.0,5675,0,0,0,0,2063.0,1750,0,0,0,0,B
2015-08-17,21:07:36,2063.0,50,154508,-4,2062.0,5676,0,0,0,0,2063.0,1728,0,0,0,0,B
2015-08-17,21:07:37,2063.0,4,154512,0,2062.0,5677,0,0,0,0,2063.0,1727,0,0,0,0,B
2015-08-17,21:07:37,2063.0,6,154518,-4,2062.0,5681,0,0,0,0,2063.0,1738,0,0,0,0,B
2015-08-17,21:07:38,2063.0,2,154520,-2,2062.0,5683,0,0,0,0,2063.0,1745,0,0,0,0,B
2015-08-17,21:07:38,2063.0,14,154534,0,2062.0,5684,0,0,0,0,2063.0,1742,0,0,0,0,B
2015-08-17,21:07:39,2063.0,12,154546,4,2062.0,5683,0,0,0,0,2063.0,1774,0,0,0,0,B
2015-08-17,21:07:39,2063.0,258,154804,254,2062.0,5680,0,0,0,0,2063.0,1651,0,0,0,0,B
2015-08-17,21:07:40,2063.0,18,154822,16,2062.0,5880,0,0,0,0,2063.0,1645,0,0,0,0,B
2015-08-17,21:07:40,2063.0,32,154854,32,2062.0,5879,0,0,0,0,2063.0,1630,0,0,0,0,B
2015-08-17,21:07:41,2063.0,26,154880,24,2062.0,5984,0,0,0,0,2063.0,1616,0,0,0,0,B
2015-08-17,21:07:41,2063.0,6,154886,4,2062.0,5985,0,0,0,0,2063.0,1605,0,0,0,0,B
2015-08-17,21:07:42,2063.0,94,154980,90,2062.0,5985,0,0,0,0,2063.0,1559,0,0,0,0,B
2015-08-17,21:07:42,2062.0,52,155032,40,2062.0,5986,0,0,0,0,2063.0,1528,0,0,0,0,S
2015-08-17,21:07:43,2063.0,12,155044,4,2062.0,5996,0,0,0,0,2063.0,1525,0,0,0,0,B
2015-08-17,21:07:43,2063.0,106,155150,106,2062.0,5996,0,0,0,0,2063.0,1472,0,0,0,0,B
2015-08-17,21:07:44,2063.0,4,155154,4,2062.0,6006,0,0,0,0,2063.0,1520,0,0,0,0,B
2015-08-17,21:07:44,2063.0,26,155180,26,2062.0,6025,0,0,0,0,2063.0,1530,0,0,0,0,B
2015-08-17,21:07:45,2063.0,28,155208,28,2062.0,6026,0,0,0,0,2063.0,1517,0,0,0,0,B
2015-08-17,21:07:45,2063.0,208,155416,208,2062.0,6026,0,0,0,0,2063.0,1433,0,0,0,0,B
2015-08-17,21:07:46,2063.0,26,155442,2,2062.0,6023,0,0,0,0,2063.0,1567,0,0,0,0,B
2015-08-17,21:07:46,2063.0,510,155952,346,2062.0,6024,0,0,0,0,2063.0,1317,0,0,0,0,B
2015-08-17,21:07:47,2063.0,106,156058,-2,2062.0,6019,0,0,0,0,2063.0,1268,0,0,0,0,B
2015-08-17,21:07:47,2063.0,44,156102,-10,2062.0,6015,0,0,0,0,2063.0,1202,0,0,0,0,B
2015-08-17,21:07:48,2062.0,140,156242,86,2062.0,5965,0,0,0,0,2063.0,1164,0,0,0,0,S
2015-08-17,21:07:48,2063.0,20,156262,-4,2062.0,5969,0,0,0,0,2063.0,1154,0,0,0,0,B
2015-08-17,21:07:49,2063.0,30,156292,-14,2062.0,5970,0,0,0,0,2063.0,1167,0,0,0,0,B
2015-08-17,21:07:49,2063.0,48,156340,-22,2062.0,5970,0,0,0,0,2063.0,1144,0,0,0,0,B
2015-08-17,21:07:50,2062.0,34,156374,0,2062.0,5970,0,0,0,0,2063.0,1129,0,0,0,0,S
2015-08-17,21:07:50,2063.0,272,156646,20,2062.0,5953,0,0,0,0,2063.0,1013,0,0,0,0,B
2015-08-17,21:07:51,2063.0,2,156648,0,2062.0,5953,0,0,0,0,2063.0,1034,0,0,0,0,B
2015-08-17,21:07:51,2063.0,124,156772,2,2062.0,5952,0,0,0,0,2063.0,982,0,0,0,0,B
2015-08-17,21:07:52,2063.0,46,156818,-18,2062.0,5964,0,0,0,0,2063.0,947,0,0,0,0,B
2015-08-17,21:07:52,2063.0,114,156932,-60,2062.0,5963,0,0,0,0,2063.0,950,0,0,0,0,B
2015-08-17,21:07:53,2063.0,54,156986,-42,2062.0,5963,0,0,0,0,2063.0,924,0,0,0,0,B
2015-08-17,21:07:53,2063.0,54,157040,0,2062.0,5962,0,0,0,0,2063.0,910,0,0,0,0,B
2015-08-17,21:07:54,2063.0,50,157090,-38,2062.0,5964,0,0,0,0,2063.0,965,0,0,0,0,B
2015-08-17,21:07:54,2063.0,510,157600,190,2062.0,5964,0,0,0,0,2063.0,711,0,0,0,0,B
2015-08-17,21:07:55,2063.0,24,157624,0,2062.0,5964,0,0,0,0,2063.0,891,0,0,0,0,B
2015-08-17,21:07:55,2063.0,56,157680,2,2062.0,5995,0,0,0,0,2063.0,899,0,0,0,0,B
2015-08-17,21:07:56,2063.0,28,157708,-8,2062.0,5995,0,0,0,0,2063.0,928,0,0,0,0,B
2015-08-17,21:07:56,2063.0,22,157730,0,2062.0,5980,0,0,0,0,2063.0,918,0,0,0,0,B
2015-08-17,21:07:57,2063.0,516,158246,-412,2062.0,5981,0,0,0,0,2063.0,661,0,0,0,0,B
2015-08-17,21:07:57,2063.0,2,158248,-2,2062.0,5981,0,0,0,0,2063.0,736,0,0,0,0,B
2015-08-17,21:07:58,2063.0,74,158322,0,2062.0,5980,0,0,0,0,2063.0,734,0,0,0,0,B
2015-08-17,21:07:58,2063.0,10,158332,0,2062.0,5980,0,0,0,0,2063.0,729,0,0,0,0,B
2015-08-17,21:07:59,2063.0,1056,159388,662,2062.0,5980,0,0,0,0,2063.0,261,0,0,0,0,B
2015-08-17,21:07:59,2063.0,524,159912,-38,2063.0,594,0,0,0,0,2064.0,2325,0,0,0,0,B
2015-08-17,21:08:00,2064.0,18,159930,2,2063.0,1799,0,0,0,0,2064.0,2336,0,0,0,0,B
2015-08-17,21:08:01,2063.0,2,159932,2,2063.0,1805,0,0,0,0,2064.0,2248,0,0,0,0,S
2015-08-17,21:08:01,2064.0,4,159936,4,2063.0,1808,0,0,0,0,2064.0,2163,0,0,0,0,B
2015-08-17,21:08:02,2064.0,4,159940,-2,2063.0,1909,0,0,0,0,2064.0,2115,0,0,0,0,B
2015-08-17,21:08:02,2063.0,22,159962,22,2063.0,1908,0,0,0,0,2064.0,2175,0,0,0,0,S
2015-08-17,21:08:03,2063.0,16,159978,4,2063.0,1905,0,0,0,0,2064.0,2176,0,0,0,0,S
2015-08-17,21:08:03,2063.0,2,159980,0,2063.0,1935,0,0,0,0,2064.0,2197,0,0,0,0,S
2015-08-17,21:08:04,2063.0,12,159992,-4,2063.0,2538,0,0,0,0,2064.0,2194,0,0,0,0,S
2015-08-17,21:08:04,2063.0,8,160000,4,2063.0,2542,0,0,0,0,2064.0,2193,0,0,0,0,S
2015-08-17,21:08:05,2063.0,18,160018,0,2063.0,2536,0,0,0,0,2064.0,2193,0,0,0,0,S
2015-08-17,21:08:05,2064.0,22,160040,0,2063.0,2536,0,0,0,0,2064.0,2185,0,0,0,0,B
2015-08-17,21:08:06,2063.0,6,160046,4,2063.0,2545,0,0,0,0,2064.0,2186,0,0,0,0,S
2015-08-17,21:08:06,2063.0,6,160052,4,2063.0,2544,0,0,0,0,2064.0,2188,0,0,0,0,S
2015-08-17,21:08:07,2063.0,64,160116,-2,2063.0,2523,0,0,0,0,2064.0,2688,0,0,0,0,S
2015-08-17,21:08:07,2064.0,18,160134,-6,2063.0,2521,0,0,0,0,2064.0,2754,0,0,0,0,B
2015-08-17,21:08:08,2064.0,18,160152,-18,2063.0,2524,0,0,0,0,2064.0,2750,0,0,0,0,B
2015-08-17,21:08:09,2063.0,202,160354,0,2063.0,2436,0,0,0,0,2064.0,3301,0,0,0,0,S
2015-08-17,21:08:09,2064.0,10,160364,-2,2063.0,2437,0,0,0,0,2064.0,3395,0,0,0,0,B
2015-08-17,21:08:10,2063.0,204,160568,200,2063.0,2342,0,0,0,0,2064.0,3395,0,0,0,0,S
2015-08-17,21:08:10,2064.0,8,160576,-6,2063.0,2340,0,0,0,0,2064.0,3391,0,0,0,0,B
2015-08-17,21:08:11,2063.0,42,160618,18,2063.0,2339,0,0,0,0,2064.0,3886,0,0,0,0,S
2015-08-17,21:08:12,2064.0,62,160680,2,2063.0,2374,0,0,0,0,2064.0,3858,0,0,0,0,B
2015-08-17,21:08:12,2063.0,22,160702,0,2063.0,2372,0,0,0,0,2064.0,3859,0,0,0,0,S
2015-08-17,21:08:13,2064.0,4,160706,0,2063.0,2367,0,0,0,0,2064.0,3857,0,0,0,0,B
2015-08-17,21:08:13,2064.0,30,160736,20,2063.0,2363,0,0,0,0,2064.0,3853,0,0,0,0,B
2015-08-17,21:08:14,2063.0,4,160740,2,2063.0,2371,0,0,0,0,2064.0,3858,0,0,0,0,S
2015-08-17,21:08:14,2064.0,10,160750,0,2063.0,2371,0,0,0,0,2064.0,3860,0,0,0,0,B
2015-08-17,21:08:15,2063.0,22,160772,14,2063.0,2362,0,0,0,0,2064.0,3865,0,0,0,0,S
2015-08-17,21:08:15,2063.0,16,160788,2,2063.0,2361,0,0,0,0,2064.0,3881,0,0,0,0,S
2015-08-17,21:08:16,2063.0,28,160816,20,2063.0,2352,0,0,0,0,2064.0,3996,0,0,0,0,S
2015-08-17,21:08:16,2064.0,4,160820,0,2063.0,2331,0,0,0,0,2064.0,3998,0,0,0,0,B
2015-08-17,21:08:17,2064.0,28,160848,28,2063.0,2332,0,0,0,0,2064.0,3993,0,0,0,0,B
2015-08-17,21:08:17,2063.0,10,160858,10,2063.0,2327,0,0,0,0,2064.0,4023,0,0,0,0,S
2015-08-17,21:08:18,2063.0,2,160860,2,2063.0,2326,0,0,0,0,2064.0,4124,0,0,0,0,S
2015-08-17,21:08:18,2064.0,8,160868,2,2063.0,2323,0,0,0,0,2064.0,4129,0,0,0,0,B
2015-08-17,21:08:19,2063.0,24,160892,4,2063.0,2315,0,0,0,0,2064.0,4128,0,0,0,0,S
2015-08-17,21:08:19,2063.0,76,160968,74,2063.0,2295,0,0,0,0,2064.0,4133,0,0,0,0,S
2015-08-17,21:08:21,2064.0,22,160990,16,2063.0,2328,0,0,0,0,2064.0,4258,0,0,0,0,B
2015-08-17,21:08:21,2064.0,4,160994,2,2063.0,2336,0,0,0,0,2064.0,4272,0,0,0,0,B
2015-08-17,21:08:22,2064.0,40,161034,40,2063.0,2338,0,0,0,0,2064.0,4252,0,0,0,0,B
2015-08-17,21:08:22,2064.0,42,161076,18,2063.0,2341,0,0,0,0,2064.0,4234,0,0,0,0,B
2015-08-17,21:08:23,2063.0,12,161088,8,2063.0,2336,0,0,0,0,2064.0,4233,0,0,0,0,S
2015-08-17,21:08:23,2063.0,4,161092,2,2063.0,2337,0,0,0,0,2064.0,4237,0,0,0,0,S
2015-08-17,21:08:24,2063.0,2,161094,0,2063.0,2339,0,0,0,0,2064.0,4241,0,0,0,0,S
2015-08-17,21:08:24,2064.0,8,161102,-2,2063.0,2344,0,0,0,0,2064.0,4238,0,0,0,0,B
2015-08-17,21:08:25,2064.0,212,161314,-12,2063.0,2339,0,0,0,0,2064.0,4068,0,0,0,0,B
2015-08-17,21:08:25,2063.0,8,161322,6,2063.0,2336,0,0,0,0,2064.0,4066,0,0,0,0,S
2015-08-17,21:08:26,2064.0,416,161738,8,2063.0,2336,0,0,0,0,2064.0,3863,0,0,0,0,B
2015-08-17,21:08:26,2064.0,6,161744,0,2063.0,2336,0,0,0,0,2064.0,3861,0,0,0,0,B
2015-08-17,21:08:27,2063.0,20,161764,-20,2063.0,2339,0,0,0,0,2064.0,3852,0,0,0,0,S
2015-08-17,21:08:27,2064.0,6,161770,0,2063.0,2389,0,0,0,0,2064.0,3849,0,0,0,0,B
2015-08-17,21:08:28,2064.0,6,161776,-4,2063.0,2093,0,0,0,0,2064.0,3861,0,0,0,0,B
2015-08-17,21:08:28,2064.0,62,161838,-6,2063.0,2092,0,0,0,0,2064.0,3830,0,0,0,0,B
2015-08-17,21:08:29,2064.0,4,161842,0,2063.0,2082,0,0,0,0,2064.0,3910,0,0,0,0,B
2015-08-17,21:08:29,2064.0,2,161844,0,2063.0,2091,0,0,0,0,2064.0,3920,0,0,0,0,B
2015-08-17,21:08:30,2064.0,62,161906,-56,2063.0,2095,0,0,0,0,2064.0,3895,0,0,0,0,B
2015-08-17,21:08:30,2064.0,8,161914,0,2063.0,2112,0,0,0,0,2064.0,3907,0,0,0,0,B
2015-08-17,21:08:31,2063.0,4,161918,0,2063.0,2121,0,0,0,0,2064.0,3912,0,0,0,0,S
2015-08-17,21:08:32,2064.0,6,161924,-6,2063.0,2332,0,0,0,0,2064.0,3910,0,0,0,0,B
2015-08-17,21:08:32,2064.0,8,161932,2,2063.0,2344,0,0,0,0,2064.0,3907,0,0,0,0,B
2015-08-17,21:08:33,2063.0,22,161954,2,2063.0,2334,0,0,0,0,2064.0,3902,0,0,0,0,S
2015-08-17,21:08:33,2064.0,4,161958,2,2063.0,2333,0,0,0,0,2064.0,3901,0,0,0,0,B
2015-08-17,21:08:34,2063.0,8,161966,4,2063.0,2327,0,0,0,0,2064.0,3905,0,0,0,0,S
2015-08-17,21:08:34,2064.0,12,161978,-4,2063.0,2332,0,0,0,0,2064.0,3899,0,0,0,0,B
2015-08-17,21:08:35,2064.0,6,161984,0,2063.0,2360,0,0,0,0,2064.0,3901,0,0,0,0,B
2015-08-17,21:08:36,2063.0,10,161994,-6,2063.0,2353,0,0,0,0,2064.0,3902,0,0,0,0,S
2015-08-17,21:08:37,2063.0,2,161996,0,2063.0,2352,0,0,0,0,2064.0,3902,0,0,0,0,S
2015-08-17,21:08:37,2063.0,2,161998,2,2063.0,2363,0,0,0,0,2064.0,3902,0,0,0,0,S
2015-08-17,21:08:38,2064.0,2,162000,0,2063.0,2352,0,0,0,0,2064.0,3903,0,0,0,0,B
2015-08-17,21:08:38,2064.0,2,162002,-2,2063.0,2353,0,0,0,0,2064.0,3903,0,0,0,0,B
2015-08-17,21:08:39,2064.0,2,162004,0,2063.0,2353,0,0,0,0,2064.0,3903,0,0,0,0,B
2015-08-17,21:08:39,2064.0,6,162010,4,2063.0,2353,0,0,0,0,2064.0,3900,0,0,0,0,B
2015-08-17,21:08:40,2063.0,4,162014,4,2063.0,2452,0,0,0,0,2064.0,3900,0,0,0,0,S
2015-08-17,21:08:40,2064.0,12,162026,6,2063.0,2450,0,0,0,0,2064.0,3896,0,0,0,0,B
2015-08-17,21:08:41,2064.0,64,162090,-4,2063.0,2424,0,0,0,0,2064.0,3891,0,0,0,0,B
2015-08-17,21:08:41,2064.0,4,162094,4,2063.0,2429,0,0,0,0,2064.0,3892,0,0,0,0,B
2015-08-17,21:08:42,2064.0,10,162104,8,2063.0,2439,0,0,0,0,2064.0,3888,0,0,0,0,B
2015-08-17,21:08:42,2063.0,24,162128,2,2063.0,2438,0,0,0,0,2064.0,3882,0,0,0,0,S
2015-08-17,21:08:43,2064.0,30,162158,14,2063.0,2431,0,0,0,0,2064.0,3885,0,0,0,0,B
2015-08-17,21:08:44,2063.0,28,162186,20,2063.0,2640,0,0,0,0,2064.0,3917,0,0,0,0,S
2015-08-17,21:08:46,2064.0,80,162266,80,2063.0,2646,0,0,0,0,2064.0,3884,0,0,0,0,B
2015-08-17,21:08:46,2064.0,36,162302,30,2063.0,2636,0,0,0,0,2064.0,3878,0,0,0,0,B
2015-08-17,21:08:47,2064.0,22,162324,22,2063.0,2636,0,0,0,0,2064.0,3888,0,0,0,0,B
2015-08-17,21:08:47,2063.0,10,162334,0,2063.0,2667,0,0,0,0,2064.0,3888,0,0,0,0,S
2015-08-17,21:08:48,2064.0,56,162390,56,2063.0,2669,0,0,0,0,2064.0,3861,0,0,0,0,B
2015-08-17,21:08:48,2063.0,2,162392,0,2063.0,2694,0,0,0,0,2064.0,3868,0,0,0,0,S
2015-08-17,21:08:49,2064.0,4,162396,4,2063.0,2697,0,0,0,0,2064.0,3866,0,0,0,0,B
2015-08-17,21:08:49,2063.0,26,162422,4,2063.0,2684,0,0,0,0,2064.0,3867,0,0,0,0,S
2015-08-17,21:08:50,2064.0,4,162426,0,2063.0,2684,0,0,0,0,2064.0,3866,0,0,0,0,B
2015-08-17,21:08:50,2064.0,16,162442,14,2063.0,2683,0,0,0,0,2064.0,3860,0,0,0,0,B
2015-08-17,21:08:51,2063.0,12,162454,12,2063.0,2676,0,0,0,0,2064.0,3855,0,0,0,0,S
2015-08-17,21:08:52,2063.0,2,162456,2,2063.0,2687,0,0,0,0,2064.0,3856,0,0,0,0,S
2015-08-17,21:08:52,2064.0,12,162468,2,2063.0,2695,0,0,0,0,2064.0,3855,0,0,0,0,B
2015-08-17,21:08:53,2064.0,64,162532,64,2063.0,2694,0,0,0,0,2064.0,3825,0,0,0,0,B
2015-08-17,21:08:53,2064.0,8,162540,2,2063.0,2699,0,0,0,0,2064.0,3999,0,0,0,0,B
2015-08-17,21:08:54,2063.0,32,162572,6,2063.0,2698,0,0,0,0,2064.0,3988,0,0,0,0,S
2015-08-17,21:08:54,2064.0,6,162578,6,2063.0,2698,0,0,0,0,2064.0,3985,0,0,0,0,B
2015-08-17,21:08:55,2064.0,6,162584,6,2063.0,2743,0,0,0,0,2064.0,3984,0,0,0,0,B
2015-08-17,21:08:56,2064.0,210,162794,10,2063.0,2743,0,0,0,0,2064.0,2085,0,0,0,0,B
2015-08-17,21:08:56,2063.0,290,163084,4,2063.0,2797,0,0,0,0,2064.0,1928,0,0,0,0,S
2015-08-17,21:08:57,2064.0,4262,167346,-1674,2063.0,2825,0,0,0,0,2064.0,171,0,0,0,0,B
2015-08-17,21:08:57,2064.0,392,167738,-368,2064.0,1027,0,0,0,0,2065.0,4913,0,0,0,0,B
2015-08-17,21:08:58,2064.0,120,167858,-4,2064.0,931,0,0,0,0,2065.0,4914,0,0,0,0,B
2015-08-17,21:08:58,2064.0,4,167862,2,2064.0,938,0,0,0,0,2065.0,5015,0,0,0,0,B
2015-08-17,21:08:59,2064.0,24,167886,-22,2064.0,931,0,0,0,0,2065.0,4965,0,0,0,0,B
2015-08-17,21:08:59,2065.0,64,167950,-40,2064.0,972,0,0,0,0,2065.0,4954,0,0,0,0,B
2015-08-17,21:09:00,2065.0,150,168100,-30,2064.0,958,0,0,0,0,2065.0,4901,0,0,0,0,B
2015-08-17,21:09:00,2064.0,138,168238,-10,2064.0,1034,0,0,0,0,2065.0,4850,0,0,0,0,S
2015-08-17,21:09:01,2065.0,18,168256,-8,2064.0,1072,0,0,0,0,2065.0,4861,0,0,0,0,B
2015-08-17,21:09:01,2065.0,24,168280,0,2064.0,1068,0,0,0,0,2065.0,4841,0,0,0,0,B
2015-08-17,21:09:02,2064.0,22,168302,-2,2064.0,1115,0,0,0,0,2065.0,4832,0,0,0,0,S
2015-08-17,21:09:02,2065.0,26,168328,18,2064.0,1113,0,0,0,0,2065.0,4821,0,0,0,0,B
2015-08-17,21:09:03,2065.0,16,168344,2,2064.0,1130,0,0,0,0,2065.0,4836,0,0,0,0,B
2015-08-17,21:09:03,2065.0,6,168350,2,2064.0,1132,0,0,0,0,2065.0,4937,0,0,0,0,B
2015-08-17,21:09:04,2064.0,116,168466,-72,2064.0,1426,0,0,0,0,2065.0,4882,0,0,0,0,S
2015-08-17,21:09:04,2064.0,10,168476,-10,2064.0,1437,0,0,0,0,2065.0,4882,0,0,0,0,S
2015-08-17,21:09:05,2064.0,8,168484,-8,2064.0,1539,0,0,0,0,2065.0,4885,0,0,0,0,S
2015-08-17,21:09:05,2064.0,2,168486,0,2064.0,1547,0,0,0,0,2065.0,4893,0,0,0,0,S
2015-08-17,21:09:06,2065.0,40,168526,-40,2064.0,1549,0,0,0,0,2065.0,4877,0,0,0,0,B
2015-08-17,21:09:06,2065.0,58,168584,-54,2064.0,1536,0,0,0,0,2065.0,4928,0,0,0,0,B
2015-08-17,21:09:07,2064.0,28,168612,-6,2064.0,1540,0,0,0,0,2065.0,4923,0,0,0,0,S
2015-08-17,21:09:07,2064.0,6,168618,-4,2064.0,1539,0,0,0,0,2065.0,4922,0,0,0,0,S
2015-08-17,21:09:08,2064.0,14,168632,-2,2064.0,1564,0,0,0,0,2065.0,4954,0,0,0,0,S
2015-08-17,21:09:08,2065.0,10,168642,-8,2064.0,1565,0,0,0,0,2065.0,4955,0,0,0,0,B
2015-08-17,21:09:09,2065.0,52,168694,-50,2064.0,1561,0,0,0,0,2065.0,4935,0,0,0,0,B
2015-08-17,21:09:09,2064.0,8,168702,-6,2064.0,1579,0,0,0,0,2065.0,4935,0,0,0,0,S
2015-08-17,21:09:10,2064.0,40,168742,-22,2064.0,1574,0,0,0,0,2065.0,4911,0,0,0,0,S
2015-08-17,21:09:10,2065.0,38,168780,-36,2064.0,1574,0,0,0,0,2065.0,4914,0,0,0,0,B
2015-08-17,21:09:11,2064.0,26,168806,-20,2064.0,1687,0,0,0,0,2065.0,4901,0,0,0,0,S
2015-08-17,21:09:12,2065.0,12,168818,-10,2064.0,1689,0,0,0,0,2065.0,4901,0,0,0,0,B
2015-08-17,21:09:12,2064.0,6,168824,-2,2064.0,1716,0,0,0,0,2065.0,4904,0,0,0,0,S
2015-08-17,21:09:13,2065.0,20,168844,0,2064.0,1736,0,0,0,0,2065.0,4912,0,0,0,0,B
2015-08-17,21:09:15,2064.0,18,168862,-4,2064.0,1756,0,0,0,0,2065.0,4917,0,0,0,0,S
2015-08-17,21:09:15,2065.0,6,168868,-4,2064.0,1752,0,0,0,0,2065.0,4918,0,0,0,0,B
2015-08-17,21:09:16,2065.0,10,168878,-8,2064.0,1754,0,0,0,0,2065.0,4928,0,0,0,0,B
2015-08-17,21:09:16,2065.0,146,169024,-102,2064.0,1753,0,0,0,0,2065.0,4857,0,0,0,0,B
2015-08-17,21:09:18,2064.0,6,169030,-2,2064.0,1783,0,0,0,0,2065.0,4865,0,0,0,0,S
2015-08-17,21:09:18,2064.0,78,169108,-76,2064.0,1762,0,0,0,0,2065.0,4848,0,0,0,0,S
2015-08-17,21:09:19,2064.0,30,169138,-4,2064.0,1764,0,0,0,0,2065.0,4849,0,0,0,0,S
2015-08-17,21:09:19,2065.0,18,169156,-4,2064.0,1768,0,0,0,0,2065.0,4854,0,0,0,0,B
2015-08-17,21:09:20,2064.0,34,169190,0,2064.0,1754,0,0,0,0,2065.0,4859,0,0,0,0,S
2015-08-17,21:09:20,2065.0,268,169458,-6,2064.0,1623,0,0,0,0,2065.0,4856,0,0,0,0,B
2015-08-17,21:09:21,2064.0,76,169534,-26,2064.0,1588,0,0,0,0,2065.0,4854,0,0,0,0,S
2015-08-17,21:09:21,2065.0,18,169552,-16,2064.0,1580,0,0,0,0,2065.0,4854,0,0,0,0,B
2015-08-17,21:09:22,2064.0,52,169604,-4,2064.0,1555,0,0,0,0,2065.0,4853,0,0,0,0,S
2015-08-17,21:09:22,2065.0,6,169610,-4,2064.0,1553,0,0,0,0,2065.0,4853,0,0,0,0,B
2015-08-17,21:09:23,2065.0,28,169638,-18,2064.0,1548,0,0,0,0,2065.0,4854,0,0,0,0,B
2015-08-17,21:09:23,2064.0,80,169718,-16,2064.0,1528,0,0,0,0,2065.0,4835,0,0,0,0,S
2015-08-17,21:09:24,2065.0,20,169738,0,2064.0,1523,0,0,0,0,2065.0,4839,0,0,0,0,B
2015-08-17,21:09:24,2064.0,28,169766,-12,2064.0,1517,0,0,0,0,2065.0,4839,0,0,0,0,S
2015-08-17,21:09:25,2064.0,10,169776,-6,2064.0,1517,0,0,0,0,2065.0,4839,0,0,0,0,S
2015-08-17,21:09:26,2064.0,14,169790,0,2064.0,1516,0,0,0,0,2065.0,4833,0,0,0,0,S
2015-08-17,21:09:26,2064.0,10,169800,-8,2064.0,1515,0,0,0,0,2065.0,4835,0,0,0,0,S
2015-08-17,21:09:27,2064.0,10,169810,0,2064.0,1511,0,0,0,0,2065.0,4835,0,0,0,0,S
2015-08-17,21:09:27,2065.0,20,169830,-10,2064.0,1512,0,0,0,0,2065.0,4826,0,0,0,0,B
2015-08-17,21:09:28,2064.0,4,169834,-2,2064.0,1511,0,0,0,0,2065.0,4826,0,0,0,0,S
2015-08-17,21:09:28,2064.0,2,169836,-2,2064.0,1528,0,0,0,0,2065.0,4827,0,0,0,0,S
2015-08-17,21:09:29,2065.0,52,169888,-48,2064.0,1462,0,0,0,0,2065.0,4825,0,0,0,0,B
2015-08-17,21:09:29,2064.0,262,170150,56,2064.0,1332,0,0,0,0,2065.0,4832,0,0,0,0,S
2015-08-17,21:09:30,2064.0,42,170192,40,2064.0,1299,0,0,0,0,2065.0,4832,0,0,0,0,S
2015-08-17,21:09:30,2065.0,12,170204,2,2064.0,1293,0,0,0,0,2065.0,4832,0,0,0,0,B
2015-08-17,21:09:31,2064.0,72,170276,50,2064.0,1266,0,0,0,0,2065.0,4827,0,0,0,0,S
2015-08-17,21:09:31,2064.0,152,170428,126,2064.0,1200,0,0,0,0,2065.0,4857,0,0,0,0,S
2015-08-17,21:09:32,2064.0,138,170566,62,2064.0,1128,0,0,0,0,2065.0,4879,0,0,0,0,S
2015-08-17,21:09:32,2064.0,1024,171590,-148,2064.0,627,0,0,0,0,2065.0,4670,0,0,0,0,S
2015-08-17,21:09:33,2064.0,1356,172946,-138,2063.0,3078,0,0,0,0,2064.0,1092,0,0,0,0,S
2015-08-17,21:09:33,2063.0,114,173060,-78,2063.0,3073,0,0,0,0,2064.0,1951,0,0,0,0,S
2015-08-17,21:09:34,2064.0,592,173652,502,2063.0,2799,0,0,0,0,2064.0,2117,0,0,0,0,B
2015-08-17,21:09:34,2063.0,1002,174654,412,2063.0,2288,0,0,0,0,2064.0,2179,0,0,0,0,S
2015-08-17,21:09:35,2063.0,4,174658,-4,2063.0,2287,0,0,0,0,2064.0,2188,0,0,0,0,S
2015-08-17,21:09:35,2063.0,14,174672,-8,2063.0,2280,0,0,0,0,2064.0,2103,0,0,0,0,S
2015-08-17,21:09:36,2063.0,1030,175702,-20,2063.0,2275,0,0,0,0,2064.0,1605,0,0,0,0,S
2015-08-17,21:09:36,2064.0,2,175704,0,2063.0,3079,0,0,0,0,2064.0,1556,0,0,0,0,B
2015-08-17,21:09:37,2063.0,4,175708,-2,2063.0,3042,0,0,0,0,2064.0,1555,0,0,0,0,S
2015-08-17,21:09:37,2064.0,6,175714,-2,2063.0,3040,0,0,0,0,2064.0,1553,0,0,0,0,B
2015-08-17,21:09:38,2064.0,4,175718,-2,2063.0,3040,0,0,0,0,2064.0,1554,0,0,0,0,B
2015-08-17,21:09:38,2064.0,4,175722,-4,2063.0,3137,0,0,0,0,2064.0,1554,0,0,0,0,B
2015-08-17,21:09:39,2064.0,4,175726,-4,2063.0,3137,0,0,0,0,2064.0,1568,0,0,0,0,B
2015-08-17,21:09:39,2063.0,10,175736,0,2063.0,3042,0,0,0,0,2064.0,1603,0,0,0,0,S
2015-08-17,21:09:40,2064.0,12,175748,0,2063.0,3036,0,0,0,0,2064.0,1612,0,0,0,0,B
2015-08-17,21:09:40,2064.0,4,175752,-2,2063.0,3041,0,0,0,0,2064.0,1613,0,0,0,0,B
2015-08-17,21:09:41,2064.0,14,175766,-4,2063.0,3130,0,0,0,0,2064.0,1611,0,0,0,0,B
2015-08-17,21:09:41,2063.0,12,175778,-2,2063.0,3135,0,0,0,0,2064.0,1756,0,0,0,0,S
2015-08-17,21:09:42,2064.0,34,175812,-6,2063.0,3134,0,0,0,0,2064.0,1779,0,0,0,0,B
2015-08-17,21:09:43,2064.0,42,175854,-40,2063.0,3155,0,0,0,0,2064.0,1640,0,0,0,0,B
2015-08-17,21:09:43,2064.0,8,175862,-2,2063.0,3155,0,0,0,0,2064.0,1791,0,0,0,0,B
2015-08-17,21:09:44,2064.0,26,175888,-26,2063.0,3155,0,0,0,0,2064.0,1793,0,0,0,0,B
2015-08-17,21:09:44,2063.0,212,176100,-200,2063.0,3169,0,0,0,0,2064.0,1714,0,0,0,0,S
2015-08-17,21:09:45,2063.0,10,176110,-10,2063.0,3163,0,0,0,0,2064.0,1766,0,0,0,0,S
2015-08-17,21:09:45,2064.0,2,176112,0,2063.0,3161,0,0,0,0,2064.0,1765,0,0,0,0,B
2015-08-17,21:09:46,2064.0,24,176136,0,2063.0,3162,0,0,0,0,2064.0,1761,0,0,0,0,B
2015-08-17,21:09:46,2063.0,8,176144,0,2063.0,3159,0,0,0,0,2064.0,1765,0,0,0,0,S
2015-08-17,21:09:47,2063.0,44,176188,-36,2063.0,3158,0,0,0,0,2064.0,1795,0,0,0,0,S
2015-08-17,21:09:47,2064.0,16,176204,-2,2063.0,3164,0,0,0,0,2064.0,1787,0,0,0,0,B
2015-08-17,21:09:48,2064.0,6,176210,0,2063.0,3176,0,0,0,0,2064.0,1787,0,0,0,0,B
2015-08-17,21:09:48,2063.0,6,176216,-4,2063.0,3175,0,0,0,0,2064.0,1788,0,0,0,0,S
2015-08-17,21:09:49,2064.0,14,176230,-10,2063.0,3178,0,0,0,0,2064.0,1782,0,0,0,0,B
2015-08-17,21:09:49,2063.0,10,176240,-10,2063.0,3179,0,0,0,0,2064.0,1798,0,0,0,0,S
2015-08-17,21:09:50,2064.0,2,176242,0,2063.0,3176,0,0,0,0,2064.0,1804,0,0,0,0,B
2015-08-17,21:09:51,2064.0,14,176256,0,2063.0,3176,0,0,0,0,2064.0,1804,0,0,0,0,B
2015-08-17,21:09:51,2064.0,26,176282,0,2063.0,3170,0,0,0,0,2064.0,1815,0,0,0,0,B
2015-08-17,21:09:52,2063.0,24,176306,-2,2063.0,3170,0,0,0,0,2064.0,1815,0,0,0,0,S
2015-08-17,21:09:53,2063.0,4,176310,-4,2063.0,3077,0,0,0,0,2064.0,1817,0,0,0,0,S
2015-08-17,21:09:54,2063.0,24,176334,-4,2063.0,3079,0,0,0,0,2064.0,1805,0,0,0,0,S
2015-08-17,21:09:54,2064.0,6,176340,-4,2063.0,3091,0,0,0,0,2064.0,1810,0,0,0,0,B
2015-08-17,21:09:55,2064.0,50,176390,-10,2063.0,3094,0,0,0,0,2064.0,1786,0,0,0,0,B
2015-08-17,21:09:55,2064.0,54,176444,-42,2063.0,3087,0,0,0,0,2064.0,1767,0,0,0,0,B
2015-08-17,21:09:56,2063.0,2,176446,-2,2063.0,3086,0,0,0,0,2064.0,1778,0,0,0,0,S
2015-08-17,21:09:56,2064.0,2,176448,0,2063.0,3094,0,0,0,0,2064.0,1843,0,0,0,0,B
2015-08-17,21:09:57,2063.0,4,176452,0,2063.0,3136,0,0,0,0,2064.0,1848,0,0,0,0,S
2015-08-17,21:09:57,2063.0,30,176482,-20,2063.0,3132,0,0,0,0,2064.0,1834,0,0,0,0,S
2015-08-17,21:09:58,2063.0,6,176488,0,2063.0,3153,0,0,0,0,2064.0,1831,0,0,0,0,S
2015-08-17,21:09:58,2064.0,4,176492,-2,2063.0,3256,0,0,0,0,2064.0,1772,0,0,0,0,B
2015-08-17,21:09:59,2063.0,2,176494,0,2063.0,3248,0,0,0,0,2064.0,1721,0,0,0,0,S
2015-08-17,21:09:59,2064.0,2,176496,-2,2063.0,3249,0,0,0,0,2064.0,1719,0,0,0,0,B
2015-08-17,21:10:00,2063.0,2,176498,-2,2063.0,3248,0,0,0,0,2064.0,1721,0,0,0,0,S
2015-08-17,21:10:00,2063.0,2,176500,-2,2063.0,3248,0,0,0,0,2064.0,1722,0,0,0,0,S
2015-08-17,21:10:01,2064.0,24,176524,-2,2063.0,3239,0,0,0,0,2064.0,1732,0,0,0,0,B
2015-08-17,21:10:01,2063.0,16,176540,4,2063.0,3227,0,0,0,0,2064.0,1732,0,0,0,0,S
2015-08-17,21:10:02,2064.0,94,176634,-72,2063.0,3231,0,0,0,0,2064.0,1686,0,0,0,0,B
2015-08-17,21:10:03,2064.0,540,177174,-104,2063.0,3235,0,0,0,0,2064.0,1465,0,0,0,0,B
2015-08-17,21:10:03,2063.0,352,177526,310,2063.0,3194,0,0,0,0,2064.0,1243,0,0,0,0,S
2015-08-17,21:10:04,2064.0,1946,179472,54,2063.0,3245,0,0,0,0,2064.0,434,0,0,0,0,B
2015-08-17,21:10:04,2064.0,910,180382,246,2064.0,580,0,0,0,0,2065.0,5270,0,0,0,0,B
2015-08-17,21:10:05,2064.0,352,180734,-84,2063.0,3242,0,0,0,0,2064.0,620,0,0,0,0,B
2015-08-17,21:10:05,2064.0,422,181156,4,2063.0,3065,0,0,0,0,2064.0,629,0,0,0,0,B
2015-08-17,21:10:06,2064.0,30,181186,-10,2063.0,3077,0,0,0,0,2064.0,626,0,0,0,0,B
2015-08-17,21:10:06,2063.0,4,181190,0,2063.0,3077,0,0,0,0,2064.0,634,0,0,0,0,S
2015-08-17,21:10:07,2064.0,2,181192,0,2063.0,3080,0,0,0,0,2064.0,655,0,0,0,0,B
2015-08-17,21:10:08,2064.0,2,181194,-2,2063.0,3081,0,0,0,0,2064.0,654,0,0,0,0,B
2015-08-17,21:10:08,2064.0,112,181306,-72,2063.0,3080,0,0,0,0,2064.0,603,0,0,0,0,B
2015-08-17,21:10:09,2064.0,220,181526,-210,2063.0,3080,0,0,0,0,2064.0,502,0,0,0,0,B
2015-08-17,21:10:09,2063.0,8,181534,-2,2063.0,3081,0,0,0,0,2064.0,602,0,0,0,0,S
2015-08-17,21:10:10,2064.0,226,181760,-22,2063.0,3083,0,0,0,0,2064.0,505,0,0,0,0,B
2015-08-17,21:10:10,2064.0,906,182666,220,2063.0,3133,0,0,0,0,2064.0,64,0,0,0,0,B
2015-08-17,21:10:11,2064.0,142,182808,-40,2064.0,465,0,0,0,0,2065.0,5388,0,0,0,0,B
2015-08-17,21:10:11,2065.0,178,182986,6,2064.0,412,0,0,0,0,2065.0,5387,0,0,0,0,B
2015-08-17,21:10:12,2064.0,16,183002,6,2064.0,407,0,0,0,0,2065.0,5388,0,0,0,0,S
2015-08-17,21:10:12,2065.0,418,183420,-268,2064.0,410,0,0,0,0,2065.0,5177,0,0,0,0,B
2015-08-17,21:10:13,2065.0,400,183820,292,2064.0,464,0,0,0,0,2065.0,5027,0,0,0,0,B
2015-08-17,21:10:13,2064.0,8,183828,6,2064.0,467,0,0,0,0,2065.0,5026,0,0,0,0,S
2015-08-17,21:10:14,2064.0,14,183842,10,2064.0,568,0,0,0,0,2065.0,5031,0,0,0,0,S
2015-08-17,21:10:14,2064.0,460,184302,406,2064.0,396,0,0,0,0,2065.0,5031,0,0,0,0,S
2015-08-17,21:10:15,2065.0,92,184394,26,2064.0,344,0,0,0,0,2065.0,5042,0,0,0,0,B
2015-08-17,21:10:15,2064.0,32,184426,0,2064.0,338,0,0,0,0,2065.0,5043,0,0,0,0,S
2015-08-17,21:10:16,2064.0,44,184470,42,2064.0,328,0,0,0,0,2065.0,5038,0,0,0,0,S
2015-08-17,21:10:16,2064.0,24,184494,6,2064.0,317,0,0,0,0,2065.0,5038,0,0,0,0,S
2015-08-17,21:10:17,2064.0,2,184496,0,2064.0,292,0,0,0,0,2065.0,5038,0,0,0,0,S
2015-08-17,21:10:17,2064.0,2,184498,2,2064.0,320,0,0,0,0,2065.0,5043,0,0,0,0,S
2015-08-17,21:10:18,2064.0,8,184506,4,2064.0,470,0,0,0,0,2065.0,5044,0,0,0,0,S
2015-08-17,21:10:18,2064.0,424,184930,-4,2064.0,279,0,0,0,0,2065.0,5051,0,0,0,0,S
2015-08-17,21:10:19,2065.0,170,185100,-26,2064.0,240,0,0,0,0,2065.0,5060,0,0,0,0,B
2015-08-17,21:10:19,2064.0,110,185210,-20,2064.0,239,0,0,0,0,2065.0,5009,0,0,0,0,S
2015-08-17,21:10:20,2064.0,12,185222,10,2064.0,305,0,0,0,0,2065.0,5022,0,0,0,0,S
2015-08-17,21:10:20,2064.0,8,185230,6,2064.0,305,0,0,0,0,2065.0,5028,0,0,0,0,S
2015-08-17,21:10:21,2064.0,38,185268,-8,2064.0,291,0,0,0,0,2065.0,5028,0,0,0,0,S
2015-08-17,21:10:21,2064.0,4,185272,-2,2064.0,337,0,0,0,0,2065.0,5030,0,0,0,0,S
2015-08-17,21:10:22,2064.0,34,185306,-32,2064.0,324,0,0,0,0,2065.0,5031,0,0,0,0,S
2015-08-17,21:10:22,2064.0,56,185362,0,2064.0,299,0,0,0,0,2065.0,5038,0,0,0,0,S
2015-08-17,21:10:23,2064.0,14,185376,0,2064.0,288,0,0,0,0,2065.0,5038,0,0,0,0,S
2015-08-17,21:10:23,2064.0,12,185388,0,2064.0,295,0,0,0,0,2065.0,5035,0,0,0,0,S
2015-08-17,21:10:24,2064.0,2,185390,0,2064.0,295,0,0,0,0,2065.0,5039,0,0,0,0,S
2015-08-17,21:10:24,2064.0,34,185424,-14,2064.0,285,0,0,0,0,2065.0,5033,0,0,0,0,S
2015-08-17,21:10:25,2064.0,14,185438,0,2064.0,280,0,0,0,0,2065.0,5022,0,0,0,0,S
2015-08-17,21:10:25,2064.0,134,185572,-132,2064.0,284,0,0,0,0,2065.0,5048,0,0,0,0,S
2015-08-17,21:10:26,2064.0,8,185580,0,2064.0,292,0,0,0,0,2065.0,5047,0,0,0,0,S
2015-08-17,21:10:26,2064.0,38,185618,-12,2064.0,280,0,0,0,0,2065.0,5043,0,0,0,0,S
2015-08-17,21:10:27,2065.0,2,185620,-2,2064.0,287,0,0,0,0,2065.0,5047,0,0,0,0,B
2015-08-17,21:10:27,2064.0,10,185630,10,2064.0,282,0,0,0,0,2065.0,5048,0,0,0,0,S
2015-08-17,21:10:28,2065.0,62,185692,-2,2064.0,282,0,0,0,0,2065.0,5037,0,0,0,0,B
2015-08-17,21:10:28,2064.0,326,186018,-2,2064.0,185,0,0,0,0,2065.0,4878,0,0,0,0,S
2015-08-17,21:10:29,2064.0,364,186382,-218,2063.0,3281,0,0,0,0,2064.0,348,0,0,0,0,S
2015-08-17,21:10:29,2065.0,710,187092,-284,2064.0,771,0,0,0,0,2065.0,5032,0,0,0,0,B
2015-08-17,21:10:30,2064.0,208,187300,6,2064.0,745,0,0,0,0,2065.0,4884,0,0,0,0,S
2015-08-17,21:10:30,2064.0,8,187308,4,2064.0,746,0,0,0,0,2065.0,4884,0,0,0,0,S
2015-08-17,21:10:31,2064.0,80,187388,0,2064.0,709,0,0,0,0,2065.0,4884,0,0,0,0,S
2015-08-17,21:10:31,2064.0,56,187444,56,2064.0,697,0,0,0,0,2065.0,4872,0,0,0,0,S
2015-08-17,21:10:32,2065.0,70,187514,18,2064.0,686,0,0,0,0,2065.0,4850,0,0,0,0,B
2015-08-17,21:10:32,2064.0,22,187536,10,2064.0,691,0,0,0,0,2065.0,4851,0,0,0,0,S
2015-08-17,21:10:33,2064.0,30,187566,4,2064.0,730,0,0,0,0,2065.0,4850,0,0,0,0,S
2015-08-17,21:10:34,2064.0,142,187708,0,2064.0,675,0,0,0,0,2065.0,4848,0,0,0,0,S
2015-08-17,21:10:34,2064.0,18,187726,16,2064.0,1190,0,0,0,0,2065.0,4847,0,0,0,0,S
2015-08-17,21:10:35,2065.0,2,187728,2,2064.0,1208,0,0,0,0,2065.0,4848,0,0,0,0,B
2015-08-17,21:10:35,2064.0,44,187772,-30,2064.0,1208,0,0,0,0,2065.0,4827,0,0,0,0,S
2015-08-17,21:10:37,2064.0,40,187812,40,2064.0,1204,0,0,0,0,2065.0,4827,0,0,0,0,S
2015-08-17,21:10:37,2065.0,6,187818,0,2064.0,1205,0,0,0,0,2065.0,4826,0,0,0,0,B
2015-08-17,21:10:38,2065.0,4,187822,0,2064.0,1208,0,0,0,0,2065.0,4827,0,0,0,0,B
2015-08-17,21:10:38,2064.0,308,188130,302,2064.0,1069,0,0,0,0,2065.0,4828,0,0,0,0,S
2015-08-17,21:10:39,2065.0,24,188154,16,2064.0,1062,0,0,0,0,2065.0,5131,0,0,0,0,B
2015-08-17,21:10:39,2064.0,14,188168,-12,2064.0,1069,0,0,0,0,2065.0,5132,0,0,0,0,S
2015-08-17,21:10:40,2065.0,40,188208,-40,2064.0,1069,0,0,0,0,2065.0,5112,0,0,0,0,B
2015-08-17,21:10:41,2064.0,38,188246,-2,2064.0,1081,0,0,0,0,2065.0,5114,0,0,0,0,S
2015-08-17,21:10:41,2064.0,40,188286,40,2064.0,1062,0,0,0,0,2065.0,5117,0,0,0,0,S
2015-08-17,21:10:42,2064.0,6,188292,0,2064.0,1068,0,0,0,0,2065.0,5113,0,0,0,0,S
2015-08-17,21:10:42,2065.0,10,188302,-10,2064.0,1081,0,0,0,0,2065.0,5109,0,0,0,0,B
2015-08-17,21:10:43,2065.0,10,188312,0,2064.0,1085,0,0,0,0,2065.0,5106,0,0,0,0,B
2015-08-17,21:10:43,2065.0,6,188318,2,2064.0,1083,0,0,0,0,2065.0,5105,0,0,0,0,B
2015-08-17,21:10:44,2064.0,4,188322,0,2064.0,1087,0,0,0,0,2065.0,5106,0,0,0,0,S
2015-08-17,21:10:44,2064.0,48,188370,-32,2064.0,1083,0,0,0,0,2065.0,5264,0,0,0,0,S
2015-08-17,21:10:45,2065.0,2,188372,-2,2064.0,1083,0,0,0,0,2065.0,5266,0,0,0,0,B
2015-08-17,21:10:45,2065.0,2,188374,0,2064.0,1083,0,0,0,0,2065.0,5265,0,0,0,0,B
2015-08-17,21:10:46,2064.0,2,188376,0,2064.0,1084,0,0,0,0,2065.0,5265,0,0,0,0,S
2015-08-17,21:10:47,2065.0,8,188384,-6,2064.0,1084,0,0,0,0,2065.0,5266,0,0,0,0,B
2015-08-17,21:10:47,2065.0,6,188390,0,2064.0,1084,0,0,0,0,2065.0,5261,0,0,0,0,B
2015-08-17,21:10:48,2065.0,14,188404,8,2064.0,582,0,0,0,0,2065.0,5259,0,0,0,0,B
2015-08-17,21:10:48,2065.0,2,188406,0,2064.0,577,0,0,0,0,2065.0,5258,0,0,0,0,B
2015-08-17,21:10:49,2065.0,102,188508,-18,2064.0,582,0,0,0,0,2065.0,5227,0,0,0,0,B
2015-08-17,21:10:49,2064.0,2,188510,0,2064.0,582,0,0,0,0,2065.0,5268,0,0,0,0,S
2015-08-17,21:10:50,2064.0,88,188598,46,2064.0,538,0,0,0,0,2065.0,5273,0,0,0,0,S
2015-08-17,21:10:50,2064.0,20,188618,18,2064.0,535,0,0,0,0,2065.0,5304,0,0,0,0,S
2015-08-17,21:10:51,2064.0,2,188620,2,2064.0,532,0,0,0,0,2065.0,5305,0,0,0,0,S
2015-08-17,21:10:51,2065.0,8,188628,6,2064.0,532,0,0,0,0,2065.0,5303,0,0,0,0,B
2015-08-17,21:10:52,2064.0,8,188636,8,2064.0,528,0,0,0,0,2065.0,5303,0,0,0,0,S
2015-08-17,21:10:53,2064.0,34,188670,16,2064.0,533,0,0,0,0,2065.0,5299,0,0,0,0,S
2015-08-17,21:10:53,2065.0,4,188674,0,2064.0,532,0,0,0,0,2065.0,5297,0,0,0,0,B
2015-08-17,21:10:54,2065.0,8,188682,0,2064.0,532,0,0,0,0,2065.0,5293,0,0,0,0,B
2015-08-17,21:10:54,2064.0,48,188730,8,2064.0,526,0,0,0,0,2065.0,5287,0,0,0,0,S
2015-08-17,21:10:55,2064.0,8,188738,6,2064.0,524,0,0,0,0,2065.0,5283,0,0,0,0,S
2015-08-17,21:10:55,2064.0,10,188748,10,2064.0,521,0,0,0,0,2065.0,5285,0,0,0,0,S
2015-08-17,21:10:56,2065.0,8,188756,8,2064.0,628,0,0,0,0,2065.0,5293,0,0,0,0,B
2015-08-17,21:10:56,2065.0,10,188766,6,2064.0,626,0,0,0,0,2065.0,5293,0,0,0,0,B
2015-08-17,21:10:57,2064.0,32,188798,28,2064.0,623,0,0,0,0,2065.0,5289,0,0,0,0,S
2015-08-17,21:10:57,2064.0,64,188862,32,2064.0,597,0,0,0,0,2065.0,5287,0,0,0,0,S
2015-08-17,21:10:58,2064.0,368,189230,326,2064.0,419,0,0,0,0,2065.0,5287,0,0,0,0,S
2015-08-17,21:10:58,2064.0,58,189288,26,2064.0,395,0,0,0,0,2065.0,5289,0,0,0,0,S
2015-08-17,21:10:59,2064.0,800,190088,62,2063.0,3320,0,0,0,0,2064.0,1193,0,0,0,0,S
2015-08-17,21:11:00,2064.0,4,190092,0,2063.0,3277,0,0,0,0,2064.0,2023,0,0,0,0,S
2015-08-17,21:11:00,2064.0,42,190134,0,2063.0,3226,0,0,0,0,2064.0,2009,0,0,0,0,S
2015-08-17,21:11:01,2064.0,10,190144,0,2063.0,3225,0,0,0,0,2064.0,2008,0,0,0,0,S
2015-08-17,21:11:01,2064.0,8,190152,-6,2063.0,3226,0,0,0,0,2064.0,2005,0,0,0,0,S
2015-08-17,21:11:02,2064.0,100,190252,-100,2063.0,3187,0,0,0,0,2064.0,1956,0,0,0,0,S
2015-08-17,21:11:02,2063.0,4,190256,0,2063.0,3187,0,0,0,0,2064.0,1968,0,0,0,0,S
2015-08-17,21:11:03,2063.0,4,190260,-2,2063.0,3185,0,0,0,0,2064.0,1967,0,0,0,0,S
2015-08-17,21:11:03,2064.0,10,190270,-10,2063.0,3185,0,0,0,0,2064.0,1973,0,0,0,0,B
2015-08-17,21:11:04,2064.0,2,190272,0,2063.0,3186,0,0,0,0,2064.0,1972,0,0,0,0,B
2015-08-17,21:11:04,2064.0,12,190284,-10,2063.0,3186,0,0,0,0,2064.0,1969,0,0,0,0,B
2015-08-17,21:11:05,2063.0,4,190288,0,2063.0,3190,0,0,0,0,2064.0,1969,0,0,0,0,S
2015-08-17,21:11:06,2064.0,2,190290,-2,2063.0,3190,0,0,0,0,2064.0,1981,0,0,0,0,B
2015-08-17,21:11:06,2064.0,4,190294,0,2063.0,3191,0,0,0,0,2064.0,1979,0,0,0,0,B
2015-08-17,21:11:07,2064.0,6,190300,0,2063.0,3196,0,0,0,0,2064.0,2009,0,0,0,0,B
2015-08-17,21:11:08,2064.0,12,190312,0,2063.0,3195,0,0,0,0,2064.0,2027,0,0,0,0,B
2015-08-17,21:11:08,2064.0,10,190322,0,2063.0,3195,0,0,0,0,2064.0,2021,0,0,0,0,B
2015-08-17,21:11:09,2063.0,34,190356,-34,2063.0,3168,0,0,0,0,2064.0,2127,0,0,0,0,S
